3250 5144
1219 315 1336 392 63Ι

145 511 325 585 Av.1379:
347 499 493 587 Δίδυμος
510 501 573 587 μὲν
592 497 724 583 κύκλον,
747 495 818 564 inat
839 491 980 562 κυκλίων
996 489 1161 586 ᾀσμάτων
1173 517 1274 578 ποιη-

145 596 207 674 τής
232 593 314 659 ἐστι.
358 588 483 655 κυλλὸν
506 590 543 653 δὲ
570 585 641 652 ἐπεὶ
664 583 772 674 χωλὸς
798 571 843 665 ἦν
862 629 907 639 -
945 578 1130 670 Σύμμαχος
1157 577 1271 664 οὕτως.

146 678 352 769 Εὐφρόνιος·
383 673 495 754 ἐπειδὴ
524 695 553 740 κ.
575 695 605 738 τ.
627 673 769 768 i.·quae
797 675 928 767 saepius
954 675 1026 763 jam
1049 675 1131 742 ascri
1158 674 1273 745 simus

145 769 238 838 llaec
265 769 365 860 igitur
392 766 509 833 eadem
536 762 712 831 calliditate
734 771 835 852 atque
858 763 1027 852 superiora
1041 699 1174 830 schoiia
1197 761 1274 828 scri.
1399 815 1404 826 .

146 868 283 948 pserunt
304 853 517 930 scholiastae,
546 849 608 916 nisi
631 849 721 939 quod
743 849 784 915 de
807 847 969 915 sententia
994 847 1143 936 Didymi,
1172 871 1274 939 quem

146 952 185 1008 ut
207 942 426 1031 antiquiorem
454 949 489 1005 et
510 935 614 1026 magis
640 936 843 1003 celebratum
864 933 1094 1025 Aristophanis
1115 936 1277 1026 interpre-

146 1038 216 1096 tem
249 1028 353 1117 magis
388 1027 487 1092 etiarn
514 1020 768 1104 venerabantur,
800 1021 908 1112 primo
936 1021 1012 1088 loco
1040 1031 1275 1112 exposuerunt,

147 1118 348 1205 quamquam
374 1112 465 1180 idern
494 1109 573 1176 ordo
601 1109 635 1175 in
658 1107 851 1198 Symmachi
873 1131 1006 1198 quoque
1036 1107 1274 1176 commentario
1301 1113 1304 1122 '

146 1203 261 1356 potuit
283 1199 479 1267 observatus
503 1218 590 1278 esse3
617 1203 689 1261 turn
711 1195 745 1261 in
766 1195 884 1260 ultimo
908 1193 1061 1285 exemplo
1083 1217 1200 1298 parum
1220 1193 1276 1264 tri-

173 1289 297 1354 uebant
324 1281 542 1362 constantias,
576 1291 614 1348 ut
641 1279 698 1373 qui
714 1279 903 1372 ,Euphronii
926 1281 1062 1371 quidem
1083 1291 1277 1373 interpreta-

147 1375 272 1443 tionem
296 1383 332 1438 ut
354 1397 373 1438 a
393 1368 595 1458 Symmacho
616 1377 832 1469 propagatam
853 1365 1050 1456 indicarent,
1077 1366 1215 1456 Didymi
1236 1375 1278 1436 ut

147 1459 291 1550 abipsis
314 1459 480 1532 inventam
504 1454 709 1546 propriisque
732 1453 836 1521 oculis
858 1452 893 1520 in
915 1452 1018 1543 ipsius
1041 1454 1126 1521 libro
1140 1458 1276 1537 lectam,

148 1545 202 1615 cui
232 1539 338 1613 simile
361 1543 438 1634 quid
463 1541 587 1608 lactum
617 1541 652 1606 in
673 1537 778 1610 schol.
801 1541 862 1607 Av.
884 1547 986 1622 1297,
1009 1540 1048 1622 b;
1070 1578 1114 1591 —-
1142 1543 1278 1631 qualern

146 1631 401 1702 inconstantiam
423 1629 497 1718 quis
523 1650 724 1718 magnopere
750 1625 923 1694 mirabitur
947 1626 981 1691 in
1004 1626 1212 1696 scholiastis?
1230 1665 1279 1680 —-·

147 1719 283 1788 Praeter
314 1715 378 1784 hos
410 1725 522 1780 autem
551 1736 634 1803 quos
659 1713 841 1801 ,hucusque
868 1713 1059 1780 enumeravi
1087 1713 1180 1782 locos
1208 1733 1278 1782 non

148 1815 262 1873 extant
285 1803 380 1870 hodie
403 1800 458 1867 alii
474 1806 504 1884 ¹)
532 1801 567 1866 in
589 1797 881 1880 scholiissnostris,
915 1797 1036 1900 quibus
1058 1800 1197 1888 junctim
1219 1824 1277 1891 po·

148 1893 231 1959 sitae
254 1900 332 1956 sunt
353 1886 559 1977 adjectisque
581 1885 770 1953 nominibus
791 1883 930 1974 Didyma
960 1893 993 1951 et
1015 1884 1207 1974 Symmachi
1229 1887 1278 1952 in-

147 1977 416 2068 terpretationem
450 1975 508 2040 sed
538 1995 579 2038 ex
603 1971 654 2038 his
683 1969 899 2040 certissimam
921 1973 1145 2062 conjecturam
1168 1974 1277 2042 lacere

147 2063 227 2131 licet
250 2063 291 2130 de
313 2063 361 2128 eis
383 2060 477 2141 locis,
499 2057 620 2147 quibus
643 2057 746 2124 solius
760 2056 897 2144 Didymi
913 2080 1035 2124 nomen
1051 2060 1197 2150 positum
1215 2070 1277 2141 cst,

149 2152 279 2239 adjecta
303 2150 374 2236 ejus
396 2141 681 2249 interpretatione,
709 2143 744 2211 id
765 2143 860 2232 quot
876 2143 911 2208 in
933 2142 1131 2232 reliquarum
1154 2146 1277 2213 fabula-

148 2259 221 2304 rum
244 2233 378 2302 scholiis
397 2253 536 2323 «saepius
559 2253 659 2320 quam
685 2228 719 2295 in
744 2226 864 2306 Avium
886 2228 1099 2306 factumest,
1121 2269 1166 2282 ·-
1192 2255 1277 2314 eam,

148 2323 339 2410 ubicunque
359 2319 413 2386 vel
435 2339 634 2420 quocunque
657 2313 757 2382 modo
780 2311 909 2403 legitur,
932 2337 977 2381 ex*
991 2314 1195 2406 Symmacho
1218 2318 1280 2384 llu-

149 2408 237 2477 xisse
259 2406 446 2498 putandum
468 2415 529 2485 est,
553 2403 615 2469 ursi
637 2427 704 2470 uno
728 2401 872 2468 alterove
887 2402 962 2468 loco
979 2425 1021 2468 ex
1035 2403 1278 2496 lexicographis

151 2492 258 2584 aliqua
281 2491 418 2580 Didymi
440 2490 625 2556 observatio
655 2489 696 2556 ab
718 2486 798 2578 ipsis
820 2486 1021 2572 scholiastis‚
1050 2511 1115 2557 non
1140 2515 1158 2557 a
1181 2491 1279 2581 Sym.

150 2579 271 2656 macho
298 2579 407 2670 primo
433 2577 579 2643 sublecta
610 2584 670 2640 e'st.
696 2613 741 2624 --
788 2573 857 2639 Sed
891 2597 993 2640 unum
1026 2584 1138 2644 tamen
1165 2576 1284 2646 locunr'

150 2691 217 2735 non
239 2662 513 2756 praetermittam,
534 2661 591 2751 qui
612 2659 693 2727 item
716 2658 783 2726 huc
805 2659 948 2749 pertinet
961 2683 1150 2754 quemque,
1173 2687 1279 2754 quum

151 2752 283 2846 egregie
310 2773 419 2818 meam
446 2749 487 2815 de
508 2746 635 2814 traditis
662 2746 696 2813 in
718 2745 853 2814 scholiis
875 2746 1014 2837 Didymi
1042 2750 1278 2817 observationi·
1329 2755 1331 2760 ’

77 2911 80 2918 ,
149 2841 213 2908 bus
235 2836 434 2906 sententiam
456 2835 573 2915 firmet,
596 2843 765 2922 tamquam
786 2831 955 2924 quoddam
977 2835 1072 2924 quasi
1094 2835 1278 2904 subsidium

151 2925 185 2992 in
207 2925 323 2991 ultima
346 2921 415 2990 acie
438 2921 563 3013 placuit
585 2920 763 3002 collocare3
786 2929 840 2988 est
860 2918 888 2986 is
909 2918 943 2985 in
966 2919 1068 2987 schol.
1091 2922 1151 2988 Ar.
1176 2928 1278 2995 tuot:

151 3009 311 3093 Δίδυμος·
332 3005 486 3081 τοιοῦτος
506 3001 574 3108 cirlp
595 3005 664 3066 ἐστι
686 3003 727 3093 τῇ
746 3003 790 3107 yyi
811 2999 1044 3089 περικείμενος,
1066 2999 1181 3085 ὁμοῖος
1202 3024 1280 3069 νυνι·

150 3097 219 3180 γοῐ,
251 3093 444 3178 audencort
469 3092 570 3173 κῶμα
591 3111 625 3154 rr
651 3109 882 3178 περικειμενος.
925 3088 969 3152 τὰ
991 3087 1028 3152 δὲ
1051 3085 1141 3173 ἑξῆς,
1171 3093 1281 3182 φησὶν

152 3177 172 3244 d
194 3176 393 3265 Σύμμαχος,
421 3175 624 3263 ἀδιανόητα,
646 3218 691 3230 -
717 3180 776 3247 ubi
801 3179 869 3246 Did
894 3179 939 3244 mi
967 3178 1066 3247 verba
1092 3189 1163 3248 tam
1188 3191 1279 3250 arcte

153 3269 246 3341 vides
275 3293 350 3338 curu
372 3263 564 3356 Syrnrhachi
592 3268 784 3356 conjuncta,
816 3274 854 3331 nt
871 3201 929 3332 lie
955 3265 1099 3334 scribere
1127 3290 1186 3334 sua
1210 3291 1279 3336 uon

178 3356 314 3436 otnerit,
339 3354 402 3422 nisi
424 3355 531 3443 priora
554 3375 701 3446 quoque,
730 3350 883 3442 Didymi,
912 3352 1040 3444 posuit3
1072 3362 1112 3419 ut
1133 3362 1278 3421 statuen-

152 3381 232 3511 dum
259 3442 359 3532 igitur
386 3440 430 3507 sit
451 3440 650 3522 necessario,
680 3439 818 3529 Didymi
840 3437 1145 3529 interpretationem
1167 3463 1234 3507 non
1257 3463 1277 3507 a
1367 3499 1374 3516 .

153 3528 337 3598 scholiastis
363 3549 444 3595 esse.
471 3525 643 3617 exipsius
670 3525 763 3594 libris
789 3527 1021 3616 transcriptam
1046 3525 1108 3594 sed
1135 3547 1154 3595 e
1180 3526 1284 3620 Syme

152 3615 263 3684 machi
283 3612 528 3684 commentario.
546 3651 591 3664 --
684 3703 688 3711 ἱ

657 3815 687 3908 i.
714 3827 768 3894 at.

239 3953 329 4024 Satis
350 3955 475 4026 dictum
497 3965 548 4026 est
569 3956 613 4024 de
634 3955 821 4046 Didymo.
871 3955 975 4048 Cujus
992 3950 1277 4027 observationibus

154 4043 407 4136 qui·tamquam
436 4053 581 4112 asemet
607 4041 687 4135 ipsis
715 4043 858 4114 inventis
886 4045 939 4114 usi
968 4053 1046 4112 sunt
1067 4042 1276 4127 scholiastae,

154 4151 212 4198 eos
235 4129 402 4220 probabile
424 4139 476 4199 est
497 4141 679 4201 ceterorum
702 4154 834 4222 quoque
857 4130 1074 4234 interpretum
1095 4129 1277 4198 adnotatio-

151 4239 213 4290 nes
240 4217 356 4284 eadam
378 4215 503 4282 ratione
524 4239 710 4307 usurpasse.
755 4217 883 4304 Quodsi
905 4217 1004 4307 igitur
1024 4216 1115 4284 locos
1137 4218 1278 4285 nonnul.

152 4304 203 4372 los
225 4304 259 4370 in
276 4303 408 4372 scholiis
424 4302 622 4387 invenimus,
644 4303 763 4396 quibus
778 4305 970 4398 Symmachi
984 4304 1276 4396 interpretamenta

149 4507 460 4657 nihtllhffrilgtirqm
476 4511 505 4571 in
520 4507 606 4571 schol.
617 4507 668 4572 Ar·
678 4513 722 4582 ta,
738 4509 808 4570 unde
825 4519 916 4570 tamen
932 4508 1026 4586 colligi
1043 4509 1071 4568 iu
1087 4517 1207 4568 nostram
1218 4525 1277 4566 rem
