3250 5144
1288 292 1395 402 or,

194 511 196 518 ,
209 490 287 559 (mys
306 466 353 547 ὥς
371 465 510 555 danda,
545 465 594 557 τῷ
614 465 651 533 δὲ
672 461 828 558 πλήκτρῳ
855 462 900 545 ὥς
919 441 1029 558 ξίφιι,
1056 466 1105 560 τῷ
1125 469 1162 535 di
1182 469 1276 580 λόφῳ
1297 469 1346 552 ὥς
1417 463 1450 565 l.

209 553 470 646 περικεφαλαίρι,
497 553 704 637 ,Δίδυμος
733 555 790 620 δέ·
823 551 900 618 ἀντὶ
933 558 994 633 τῆς
1021 557 1182 646 πτέρυγος
1209 556 1343 625 ασπίδα
1401 562 1437 638 ff
1455 583 1485 624 t.

209 644 349 708 δίδωσιν
365 639 484 724 αὐτῷ,
514 637 592 704 ἀντὶ
614 641 650 704 δὲ
671 641 734 704 τοῦ
761 637 931 727 πλήκτρου
953 639 1065 732 ξίφος·
1080 630 1190 734 Χήλθε
1210 646 1275 735 γὰρ
1297 643 1342 723 ὡς
1401 713 1443 735 Μ,

209 727 398 817 ἀλεκτρυών
431 723 703 818 (aleatorium)
736 727 973 815 πτερωθῆναι,
1013 727 1084 791 ἐπεὶ
1116 728 1235 794 ἐκεῖνοι
1261 731 1342 810 τοὺς

208 817 357 906 πατέρας
377 813 572 881 τύπτουσιν.
594 855 638 868 --
675 817 779 884 schol.
800 817 863 885 Av.
886 826 986 889 1679:
1014 811 1252 921 Σύμμαχος·
1278 816 1341 882 οὐκ

209 900 300 967 ἔστιν
321 901 339 965 ὁ
362 899 483 966 τούτου
509 903 588 976 νοῦς
614 898 771 988 φανερός.
816 898 916 963 οὐδέν
942 923 977 964 τι
998 902 1143 966 δύναται
1164 903 1252 968 ι’διον
1272 909 1342 968 τῶν

205 986 388 1074 χελιδόνων
410 985 430 1067 ή
453 979 599 1072 βάδισις,
622 975 662 1048 αἵ
680 1009 718 1067 με
738 985 824 1069 μηδὲ
837 982 957 1074 πορείᾳ
968 988 1116 1076 χρῶνται
1133 986 1176 1066 ὡς
1190 989 1232 1054 τὰ
1249 988 1339 1056 ἄλλοι

206 1077 274 1140 τῶν
300 1071 422 1163 ὀρνέων
449 1075 506 1137 καὶ
533 1071 682 1156 μάλιστα
704 1075 747 1135 τὰ
769 1071 816 1154 μή
839 1073 995 1150 πτητικοί.
1038 1071 1057 1138 ὁ
1086 1075 1131 1136 δὲ
1158 1073 1342 1159 Δίδυμος

207 1154 335 1225 οὕτω·
357 1157 574 1239 καταλλήλας
589 1145 682 1243 εἶχεν,
704 1151 737 1220 εἰ
758 1154 866 1238 ἔλεγεν
887 1156 929 1235 ὡς
950 1159 1010 1235 τὰς
1021 1153 1205 1245 χελιδόνας.
1242 1163 1340 1227 θέλει

152 1289 154 1300 ι
207 1247 244 1322 δὲ
267 1247 381 1331 λέγειν,
404 1241 437 1310 εἰ
455 1246 502 1331 μή
524 1245 656 1328 βαδίζει
678 1242 761 1331 πρὸς
781 1245 843 1321 τοὶς
861 1243 1046 1329 χελιδόνας.
1070 1289 1114 1300 -
1150 1251 1253 1319 schol.
1273 1253 1340 1341 (lv,

206 1345 318 1410 1703=v
338 1332 581 1418 Σύμμαχος·
604 1329 687 1418 πρὸς
703 1329 739 1394 τὸ
764 1327 856 1407 ἔθος,
878 1325 931 1394 ὅτι
952 1333 1037 1417 μεταλ
1060 1334 1127 1396 τῶν
1141 1331 1342 1420 σπλάγχνων

208 1416 346 1511 ἕτςμνον
367 1420 429 1498 τήν
443 1421 620 1504 ιγλοίτταν,
647 1420 702 1480 καί
725 1415 809 1504 παρ’
831 1413 974 1506 Ὁμήρῳ.
1020 1405 1117 1495 οὗτος
1138 1420 1173 1484 δὲ
1196 1421 1255 1484 διὰ
1276 1421 1341 1500 τήν

205 1505 373 1592 πονηρίαν
405 1508 472 1570 τῶν
504 1497 724 1584 δικαιολόγυιν
752 1505 859 1592 φησὶν
889 1503 1122 1585 ἐκβεβλῆσθαι
1147 1508 1250 1596 χωρὶς
1275 1507 1341 1587 τήν

204 1592 368 1674 γλῶτταν.
412 1589 597 1674 Δίδυμος
622 1591 683 1654 δέ·
715 1593 847 1666 ἐντοῖς
873 1588 1015 1666 θυσίαις
1039 1593 1140 1678 χωρίς
1162 1593 1183 1673 ἡ
1204 1590 1340 1676 γλῶττα

204 1681 353 1762 ἐτέμνετο
383 1675 423 1742 οὐ
444 1679 530 1762 μετὰ
552 1677 620 1740 τῶν
641 1673 755 1738 ἄλλων
775 1674 973 1761 σπλάγχνων
998 1697 1027 1740 κ.
1050 1699 1080 1743 τ.
1102 1678 1139 1743 λ.
1155 1719 1198 1732 -
1233 1682 1344 1754 schol.-

204 1768 294 1837 Plut
318 1778 418 1841 1011:
453 1763 487 1826 Σ
493 1760 684 1849 ύμμαχός
706 1783 823 1851 φησι,
855 1764 1006 1847 Νίταρος
1027 1762 1131 1838 πολὺς
1150 1767 1204 1828 ἐπὶ
1224 1767 1339 1847 μαλα-

204 1848 264 1938 arip
292 1849 531 1932 ὀνειδιζόμενος
557 1849 594 1912 ἐν
613 1854 685 1925 τοῖς
712 1846 788 1928 ἑξῆς
814 1843 966 1938 δράμασι
991 1851 1049 1912 καὶ
1070 1845 1184 1927 Βυίτος
1205 1873 1234 1914 κ.
1254 1873 1284 1918 τ.
1305 1851 1336 1918 λ.

205 1938 384 2020 Δίδυμος
406 1937 449 2000 δέ
471 1955 602 2022 φησιν
622 1933 837 2022 ὑποκόρισμα
851 1934 936 2025 πρὸς
948 1935 1111 2020 γυναῖκας
1128 1942 1165 2024 ¹).
1204 1940 1264 2006 His
1279 1941 1338 2030 igi.

204 2037 260 2092 tur
280 2026 362 2094 locis
386 2027 447 2093 erit
467 2026 608 2092 tortasse
631 2025 688 2113 qui
710 2025 754 2090 ita
777 2035 905 2098 utatur.
927 2036 1086 2127 utquam
1108 2025 1142 2092 in
1162 2026 1337 2132 superiori-

204 2112 268 2179 bus
291 2112 451 2202 exemplis
474 2095 746 2201 sequuti⁰sumus
768 2109 1004 2201 interpretanda
1025 2113 1151 2198 legem,
1178 2112 1233 2179 lnc
1255 2138 1336 2203 quo-

204 2223 270 2290 que
297 2199 477 2266 tenendam
501 2196 665 2288 postulet,
697 2195 844 2285 velitque
868 2195 923 2263 hic
945 2220 1077 2288 quoque
1099 2197 1183 2264 illud
1204 2199 1337 2288 signum

205 2281 364 2368 (Δίδυμος
378 2281 449 2364 δέ),
471 2307 538 2372 quo
561 2283 708 2370 integrae
729 2283 771 2348 ab
793 2285 932 2374 ipsoque
956 2286 1012 2373 qui
1032 2283 1146 2373 posuit
1160 2295 1335 2377 excerptae

203 2370 400 2440 narrationis
422 2369 553 2437 initium
575 2367 711 2436 indicari
735 2368 877 2440 diximus
900 2393 1014 2460 supra,
1039 2370 1073 2435 in
1097 2371 1238 2436 mandem
1261 2394 1336 2438 seu·

204 2481 280 2524 sum
293 2457 511 2546 interpretari,
534 2455 716 2545 eademque
732 2465 847 2545 putare
864 2455 905 2520 de
920 2455 1006 2539 φησὶ
1020 2452 1166 2534 Δίδυμος
1181 2457 1216 2522 in
1230 2456 1335 2528 schol.

204 2542 293 2609 Plut.
315 2541 336 2610 l.
359 2543 381 2608 l.
411 2541 587 2610 statuenda
616 2563 703 2622 esse,
738 2564 802 2632 qua
830 2541 956 2608 ratione
978 2551 1068 2609 esset
1089 2563 1168 2608 sane
1190 2543 1336 2632 judican-

206 2629 297 2712 dum,
320 2628 504 2718 Didymum
524 2627 604 2717 ipsis
619 2633 751 2717 quoque
772 2624 957 2695 scholiastis
973 2627 1014 2694 ad
1029 2651 1147 2695 manus
1161 2629 1274 2696 luisse.
1289 2643 1335 2682 -'-·

205 2715 275 2782 Sed
300 2714 372 2806 ipse
394 2713 474 2804 quid
502 2713 641 2779 sentiam
666 2715 734 2802 jam
760 2735 859 2802 supra
885 2711 1081 2802 significavi:
1113 2737 1182 2780 non
1203 2725 1334 2784 tantum

204 2800 297 2868 hisce
325 2801 406 2868 locis
435 2799 647 2866 tribuendum
675 2797 828 2880 arbitror,
862 2810 900 2867 ut
927 2824 945 2866 a
971 2800 1134 2868 sententia
1162 2803 1333 2892 proposita

203 2888 276 2978 jure
299 2886 373 2977 quis
394 2885 499 2954 videri
521 2885 626 2976 possit
647 2884 833 2952 recessisse.
875 2885 962 2953 Nam
985 2885 1047 2954 etsi
1071 2887 1216 2954 concedo
1237 2890 1333 2971 adeo,

205 2973 396 3042 scholiastae
423 2972 458 3044 in
481 2997 558 3038 eum
584 2995 720 3041 sensum
741 2969 803 3038 ista
825 2971 993 3062 posuisse,
1025 2982 1063 3038 ut
1079 2965 1332 3064 'quodammodo

204 3060 269 3150 ipsi
289 3059 427 3146 Didymi
448 3056 531 3125 lihro
554 3057 606 3124 usi
626 3057 810 3139 videantur,
825 3097 869 3106 -
891 3057 972 3148 quid
993 3059 1129 3148 postea?
1151 3082 1230 3127 num
1253 3061 1332 3130 inde

204 3147 276 3235 jure
300 3145 410 3236 colligi
428 3155 552 3249 potest,
574 3167 686 3211 revera
703 3142 796 3210 istius
816 3141 1001 3233 interpretis
1022 3144 1226 3213 celeberrimi
1243 3170 1333 3214 com-

204 3233 384 3300 mentarios
408 3254 456 3297 ers
478 3231 512 3296 in
533 3239 688 3320 promptu
703 3227 829 3320 luisse?
851 3230 968 3310 notior,
992 3227 1116 3321 opinor,
1140 3231 1202 3299 ista
1219 3255 1332 3300 recen·
1372 3259 1374 3267 ⁴

135 3379 138 3388 .
204 3318 327 3386 tiorum
350 3317 643 3408 grammaticorum
660 3316 750 3384 sraus
772 3325 838 3398 est,
864 3339 929 3405 qua
950 3315 1015 3384 sibi
1036 3317 1201 3386 vindicare
1221 3319 1332 3386 solent

190 369 209 410 N

274 3503 303 3571 l)
328 3503 519 3579 Symmachum
540 3523 634 3560 vereor
655 3512 685 3560 ut
701 3502 755 3560 hoc
772 3501 882 3581 quidem
900 3502 961 3561 loeo
983 3514 1057 3562 reete
1078 3502 1242 3562 intellexerit
1258 3505 1332 3564 Ran-

203 3569 275 3640 lrius,
294 3571 329 3628 da
347 3577 429 3630 Arist.
446 3576 494 3630 vit
509 3597 535 3652 p.
548 3569 686 3639 CLXXV,
704 3577 763 3648 qui,
782 3583 907 3640 „tanturn
926 3574 1030 3639 abest,“
1048 3575 1142 3649 inquit,
1160 3584 1190 3630 nt
1207 3578 1330 3648 Symma-

205 3637 272 3695 chus
290 3639 325 3698 de
342 3643 448 3698 homine
466 3643 580 3718 quodam
598 3642 765 3713 cogitaverit,
782 3652 812 3697 ut
823 3641 941 3715 Bentleji
954 3644 1102 3698 sententiae
1119 3641 1254 3712 (νήττυοον
1264 3645 1331 3700 scri·

204 3707 293 3764 bentis
311 3709 524 3801 explicantisquc
541 3709 764 3779 ,‚anaticulam“)
787 3710 875 3766 laveat
898 3709 982 3766 multo
1005 3712 1090 3784 magia
1108 3731 1186 3788 quarn
1204 3711 1330 3768 adverse·

204 3779 271 3831 tur⁴‘
289 3785 342 3834 etc.
360 3808 392 3821 -
422 3779 557 3851 Cogitavit
573 3778 695 3855 prolecto
713 3777 748 3833 (le
767 3777 872 3833 homine
890 3777 1068 3851 Symmachus
1086 3787 1116 3835 ut
1134 3779 1180 3836 illa
1198 3779 1330 3837 indicant:

203 3841 303 3903 πυλδς
325 3847 379 3912 (cui
395 3850 513 3909 nunkiug
529 3848 671 3906 substituit
688 3845 767 3914 πσλδ)
785 3848 826 3898 irai
842 3847 959 3913 μαλακίᾳ
981 3843 1239 3970 ὀνειδιζόμενος(1
1257 3867 1330 3922 quae

203 3931 257 3968 nou
269 3924 381 4000 possunt
395 3918 533 3976 commode
551 3918 604 3972 nisi
619 3913 653 3970 de
670 3914 804 3970 homine
821 3912 941 3989 intelligi.
958 3949 993 3960 -
1022 3915 1078 3972 Sed
1098 3920 1286 3994 symmacum
1304 3918 1331 3974 si

203 3991 300 4038 statuis
310 3985 483 4059 perspexisse
493 3985 562 4063 quod
577 3985 748 4060 perspexisse
762 4001 822 4038 eum
835 3981 925 4051 credo,
944 3983 1031 4059 ipsum
1042 3984 1092 4039 viri
1101 4003 1196 4040 nomen
1211 3983 1331 4056 (legebat

203 4060 293 4106 autem
308 4060 337 4105 ut
350 4054 408 4136 ipse
420 4071 526 4130 quoque
539 4052 617 4109 credo
628 4053 782 4120 Νιμτοὶριοκ,
797 4071 850 4107 non
865 4051 1019 4121 Νιτιιίριον)
1032 4051 1065 4107 ab
1076 4051 1207 4108 anaticula
1220 4052 1330 4110 demum

203 4137 264 4173 esse
279 4127 431 4195 repetitum,
445 4125 462 4178 i.
472 4145 495 4176 e.
509 4141 560 4177 non
570 4121 652 4177 luisse
661 4123 798 4198 proprium
813 4139 919 4186 nomen,
936 4119 984 4176 sed
998 4121 1177 4178 adventicium
1186 4132 1214 4176 et
1223 4143 1237 4176 a
1246 4124 1329 4178 eomi-

203 4205 296 4244 corum
314 4186 457 4247 cavillandi
474 4191 585 4246 libidine
602 4195 692 4246 nescio
710 4193 753 4246 cni
770 4190 878 4254 μαλακῷ
897 4187 1011 4245 inditum
1029 4188 1076 4256 (cl.
1092 4193 1233 4260 Χαιρεφῶν
1249 4187 1264 4254 ή
1282 4205 1328 4239 ur-
1382 4215 1390 4257 t

202 4259 286 4326 mels
302 4256 384 4324 Arist.
396 4257 446 4316 Ar.
460 4265 535 4324 lost,
553 4267 581 4313 ot
597 4258 698 4328 reliqua
717 4255 788 4336 apud
805 4257 881 4313 eund.
894 4256 960 4313 ibid.
974 4257 1040 4313 1200
1053 4277 1101 4334 seq
1120 4261 1149 4327 λ,
1161 4288 1194 4299 —-
1212 4257 1264 4314 hoc
1276 4258 1327 4331 igi·
1388 4260 1405 4327 t

201 4332 246 4380 tur
263 4326 287 4381 si
305 4325 414 4392 statuis,
426 4391 428 4398 Ι
441 4325 530 4404 aliqua
548 4328 755 4414 opprobriorum
773 4346 840 4414 quae
859 4329 886 4382 iu
902 4327 1091 4400 Symmachum
1103 4278 1247 4400 bentlejrrs
1265 4345 1328 4380 con·
1403 4330 1423 4360 ’ν

200 4393 266 4466 jecit
283 4415 345 4472 pars
361 4397 453 4451 statim
471 4405 614 4452 evanescit.
642 4394 678 4450 Et
695 4394 788 4472 quidm
806 4397 926 4470 potuerit
942 4413 1036 4461 verum
1051 4397 1104 4451 viri
1115 4415 1211 4453 nomen
1223 4396 1328 4444 Niara-

201 4479 247 4529 θοι
263 4461 356 4532 luisse,
374 4465 449 4594 pund
465 4484 532 4524 sono
548 4485 597 4524 suo
614 4472 709 4542 sponte
726 4462 841 4520 ducebat
857 4464 974 4521 comicos
991 4463 1026 4522 ad
1041 4465 1177 4536 νηττάριον
1192 4481 1288 4520 ποιουν
1298 4461 1327 4520 ei

199 4531 370 4591 tribuendum
