3250 5144
429 385 438 422 l

442 444 512 514 sed
538 432 790 536 oblituspaene
817 438 906 514 eiam
932 443 1029 515 aliam
1050 443 1478 536 quandam‘duhitationem

312 563 319 580 ¹
355 535 537 615 removere,
559 556 659 622 quam
680 555 747 684 quo
769 531 842 620 quis
864 541 978 602 movet
999 533 1200 620 adjumento,
1220 529 1242 599 i.
1257 556 1287 606 e,
1308 535 1378 602 sola
1401 557 1479 602 con·

314 625 321 654 ‘'
355 618 499 712 jentandi
513 630 547 687 et
561 618 681 710 opinan
705 618 874 700 inuidiae,
897 617 987 690 nullo
1002 627 1138 686 externo
1153 619 1279 699 firmata
1294 632 1477 708 momento,

238 733 240 740 ·
268 747 275 758 ·
328 706 477 774 ueodem
492 728 556 795 eqo
569 705 753 796 reprimam.
791 703 903 772 Possit
917 704 1005 772 enim
1042 703 1183 796 uispiam
1197 705 1373 775 confusum
1387 730 1477 778 nuuc

289 831 293 842 ·
354 793 607 861 scholiastarnm
628 811 762 882 gregem
787 790 970 859 disturbare
985 728 1094 873 ¹ville,
1123 799 1157 858 el
1176 791 1378 880 antiquiores
1398 815 1477 860 con.

353 877 455 970 Jieere
477 877 698 968 antiquiorum
718 875 961 950 commentariis
985 898 1066 946 usos
1084 877 1176 967 ipsos
1198 899 1289 958 csse,
1316 879 1476 950 recentio-

353 989 408 1032 res
431 974 543 1034 autem
564 963 771 1053 acquievisse
793 963 828 1030 in
849 961 1041 1049 Symmachi
1062 985 1129 1030 non
1151 961 1248 1053 plena
1270 963 1476 1054 atiquatenus

354 1063 505 1124 veterum
526 1051 744 1140 interpretum
765 1048 971 1130 collectione,
992 1049 1050 1116 sed
1065 1049 1223 1134 frustulis,
1244 1049 1286 1116 de
1302 1050 1399 1140 largis
1421 1074 1478 1120 an·

326 1177 330 1184 ·
353 1136 523 1226 tiquorum
537 1134 823 1224 grammaticorum
838 1134 976 1226 dapibus
988 1134 1343 1288 hicillicdepiomptis.
1366 1137 1477 1224 Quem

354 1224 510 1312 equidem
536 1245 612 1304 non
629 1221 750 1288 videbo
771 1241 875 1300 nunc,
908 1229 946 1288 ut
965 1244 1086 1310 magno
1107 1223 1278 1294 mormius
1300 1223 1478 1313 (siqnidem
1557 1241 1558 1244 ’

223 1306 226 1312 ’
349 1307 441 1384 serio
455 1307 570 1384 istum·
584 1307 731 1408 singulos
749 1305 974 1396 distinguendi
995 1307 1188 1376 scholiastes
1202 1307 1350 1377 lahorem
1365 1309 1477 1380 subire

352 1395 448 1476 velit)
471 1393 551 1460 nihil
575 1398 812 1483 protecturum,
842 1391 1078 1482 oculorumque
1100 1393 1220 1476 aciem,
1247 1394 1384 1463 maximi
1405 1419 1478 1464 rem

352 1483 461 1575 pretii,
482 1479 692 1570 perditurum.
708 1477 924 1546 l'acilenimis
945 1479 1145 1548 intendendo
1167 1481 1202 1547 in
1223 1481 1397 1549 tenebrosa
1418 1504 1477 1550 no-

354 1578 425 1649 cte;
447 1569 505 1636 sed
521 1577 635 1634 contra
651 1565 825 1654 conjiciam
847 1565 1000 1653 equidem
1016 1565 1151 1638 eschol.
1168 1566 1315 1642 Ravenn.
1327 1567 1371 1634 ad
1385 1566 1477 1636 Nub.

351 1660 419 1726 854
441 1663 474 1718 et
496 1653 536 1720 ad
551 1650 686 1730 Thesm.
709 1659 774 1722 393
796 1651 1040 1740 antiquissimos
1056 1652 1153 1723 facile
1174 1651 1478 1740 scholiastesSyrn.

350 1737 474 1806 macho
494 1741 561 1826 jam
584 1759 657 1806 esse
678 1759 775 1818 usos;
797 1737 917 1808 deinde
940 1761 958 1803 e
980 1736 1084 1808 schol.
1106 1736 1168 1804 Av.
1190 1743 1264 1818 439,
1289 1745 1383 1819 1379,
1403 1737 1478 1804 reli,

353 1825 446 1914 quis,
474 1823 666 1914 conjiciam,
692 1822 774 1893 item
796 1821 1027 1912 antiquissimis
1051 1823 1234 1896 scholiastis
1257 1835 1407 1892 veterum
1428 1823 1479 1890 in.

353 1921 536 2001 terpretnm
563 1920 750 1976 commenta
773 1907 1008 1998 asymmaehi
1028 1909 1114 1978 libro
1139 1909 1336 1986 innotuisse.
1384 1909 1478 1984 Haec

308 2009 324 2038 ²·
350 1996 453 2084 igitur
475 1996 515 2062 de
537 2018 614 2060 mco
637 1993 827 2083 conjiciam,
855 1996 1033 2066 lectoribus
1055 2005 1168 2066 autem
1190 1995 1374 2084 relinquam
1393 1995 1478 2083 judi-

350 2085 459 2163 cium,
480 2094 555 2149 uter
576 2092 726 2148 nostrum
747 2079 857 2148 verius
880 2081 1074 2171 conjecerim
1096 2105 1237 2174 qnorum
1258 2081 1374 2156 dubito
1395 2105 1479 2156 num

352 2170 529 2270 ¹quisquam
549 2167 595 2237 ob.
614 2167 708 2244 illum
729 2175 841 2268 partes.
860 2189 952 2244 meas
976 2168 1125 2244 deserere
1146 2167 1239 2243 rent
1258 2203 1305 2228 m·
1516 2177 1521 2193 ⁸

861 2373 970 2488 §.aa

360 2535 365 2546 ·
415 2512 510 2582 Haec
525 2513 628 2604 igitur
639 2513 743 2605 prima
760 2481 823 2580 ¹luit
837 2538 922 2603 quac
939 2511 1170 2668 Sqmmachi
1189 2511 1478 2585 commentario

241 2657 244 2665 i
353 2622 445 2668 oum
464 2599 782 2690 hypomnemate
803 2601 861 2668 illo
884 2601 918 2668 in
940 2623 976 2667 se
1002 2601 1043 2668 ol.
1059 2596 1145 2666 Plut.
1161 2608 1243 2672 1037
1267 2611 1300 2667 et
1316 2601 1393 2673 Pac..
1413 2607 1479 2678 742

352 2685 457 2753 citato
467 2683 623 2753 convenit
637 2685 885 2754 similitudo:
907 2687 940 2752 in
956 2698 1096 2775 utroque
1112 2686 1155 2753 de
1164 2687 1310 2778 priorum
1321 2687 1477 2777 interpre-

353 2781 426 2840 tum
437 2773 607 2840 sententiis
618 2771 683 2839 fuit
695 2773 881 2876 expositum
893 2775 981 2841 etita
994 2773 1191 2863 expositum,
1210 2783 1301 2840 utne
1313 2797 1395 2863 opus
1406 2772 1478 2861 qni-

352 2859 429 2925 dem
459 2868 549 2926 esset
577 2857 764 2928 scholiastrs
792 2859 894 2924 alium
920 2869 1088 2950 praeterea
1116 2862 1388 2928 commentarium
1410 2881 1478 2930 ma

282 3005 288 3048 j
353 2967 499 3044 gnoperc
521 2967 688 3036 quaere-re.
731 2943 840 3032 Atque
862 2944 945 3012 haec
967 2943 1102 3035 quidem
1123 2944 1303 3018 similitudo
1326 2946 1379 3014 vel
1400 2943 1477 3034 plus

350 3027 444 3096 mihi.
458 3053 557 3118 quam
578 3032 801 3097 necessarium
822 3031 953 3120 putabit
976 3030 1074 3098 etiam
1096 3031 1153 3120 qni
1173 3032 1316 3098 maxime
1331 3029 1479 3100 cunctari

353 3115 440 3193 solet
454 3115 681 3206 reluctariqne,
702 3115 842 3187 fiduciae
864 3116 954 3184 addit
973 3118 1015 3182 ad
1031 3117 1260 3190 affirmandum
1280 3141 1383 3190 nuum
1399 3139 1479 3185 eun·

348 3199 497 3294 demque
519 3210 695 3292 utrumqne
707 3202 946 3286 ,esselihrunn¹
965 3213 999 3272 et
1014 3213 1088 3274 tum
1103 3201 1296 3291 Symmachi
1308 3225 1479 3278 ¹commen·

353 3287 473 3355 tarium
494 3287 629 3354 indicari
651 3289 685 3356 in
706 3288 821 3356 scholl.
837 3289 926 3356 Pluti
949 3300 984 3358 et.
1004 3288 1079 3356 Pac.
1101 3288 1123 3354 l.
1139 3289 1174 3370 l„
1194 3299 1265 3360 tum
1287 3289 1410 3361 ubicun
1434 3310 1478 3356 uo

353 3373 574 3464 Symmachus
597 3375 640 3442 ad
660 3386 768 3466 partes
790 3386 941 3457 vocetur,
963 3369 1148 3456 ὑπόμνημά
1168 3374 1257 3442 istud
1273 3398 1345 3442 esse
1359 3311 1479 3443 intilli-

377 3461 509 3527 endum.
552 3461 621 3528 Sed
643 3461 767 3551 reliqua
813 3485 921 3552 uoqne
944 3460 1062 3551 eodem
1081 3461 1182 3534 modo
1197 3485 1385 3553 persequar,
1406 3459 1478 3550 qui·

353 3481 416 3612 Sue
446 3571 545 3635 quam
571 3546 707 3637 pulchre
734 3547 769 3615 in
789 3486 1027 3638 Symmachum
1054 3548 1174 3616 cadant
1201 3572 1285 3639 quae
1309 3549 1349 3614 de
1372 3546 1478 3638 hypo-

352 3644 520 3700 mnemate
543 3634 764 3724 exposuimus,
788 3634 896 3704 denno
911 3634 1052 3725 perspici
1068 3633 1210 3704 credam.
1254 3633 1406 3701 Vidimus
1421 3657 1478 3702 au·

352 3729 450 3795 tem¹
477 3743 555 3788 uam
589 3720 734 3810 amplum
763 3719 863 3790 fuerit
890 3719 1128 3812 hypomnema,
1163 3730 1204 3788 ut·
1229 3721 1318 3810 qnod
1345 3728 1479 3811 praeter

353 3743 540 3896 deperditas
573 3806 699 3896 aliquot
725 3806 854 3874 fabulas
878 3807 1091 3876 illustraverit
1118 3829 1234 3880 omnes
1260 3829 1348 3896 quae
1375 3803 1478 3878 hodie

352 3903 548 3982 supersuntj,
571 3895 631 3966 sed
653 3892 844 3981 Symmachi
865 3893 984 3960 librum
1005 3917 1073 3964 non
1094 3891 1230 3960 minoris
1253 3903 1388 3984 oportet·
1409 3915 1478 3961 am

352 3977 442 4052 bitus
470 3979 588 4060 luisse;
618 3978 761 4071 primum
789 3980 877 4045 enim
908 3979 1027 4047 citatur
1052 3979 1087 4045 in
1110 3977 1243 4046 scholiis
1266 3980 1306 4052 ad
1328 3979 1477 4060 Plutum,

245 4128 250 4139 ,
353 4063 473 4145 Ranae,
496 4064 618 4145 Nubes,
641 4064 877 4146 Acharnenses,
900 4064 1048 4155 Equites,
1073 4064 1210 4169 Vespas,
1227 4065 1360 4148 Pacem,
1378 4066 1477 4148 Aves,

354 4146 728 4240 Thesmophorianusas,
759 4151 781 4219 i.
806 4175 835 4216 e.
863 4149 1073 4219 adservatae
1095 4150 1322 4243 Austophanis
1344 4171 1478 4218 comoe-

354 4233 425 4302 dias
446 4258 561 4302 omnes
574 4245 713 4326 vpraeter·
733 4235 980 4304 Ecclesianusas
1002 4247 1038 4304 et
1056 4237 1283 4326 Lysistratam‚
1305 4259 1386 4327 quas
1408 4258 1479 4302 non

354 4321 501 4408 attigisse
527 4321 656 4392 tabutas
678 4320 932 4412 Symmachum,
958 4347 1021 4414 qna
1044 4329 1117 4416 quis
1138 4322 1369 4428 probabilitate
1391 4320 1478 4388 altir-

353 4406 503 4488 maverit,
524 4409 627 4497 quurrl
641 4406 759 4476 idonea
774 4407 861 4479 adsit
874 4427 982 4492 causa,
1003 4431 1071 4490 cur,
1092 4411 1127 4479 in
1140 4419 1276 4479 istarum
1291 4408 1480 4476 fabularum

354 4490 489 4567 scholiis.
509 4517 577 4570 non
600 4493 692 4570 citati
712 4494 967 4594 Symmachum,
991 4495 1084 4570 nullo
1105 4495 1207 4571 modo
1228 4497 1336 4593 possit
1355 4492 1479 4568 mirum
