3258 5134
1286 291 1335 366 31

211 477 381 573 superiore
407 475 482 548 loco
510 477 612 546 aliurn
625 476 675 546 'ah
697 472 874 548 Eustathio
896 471 1114 566 significatum
1137 487 1337 548 commenta·

210 577 317 636 torem
344 589 435 646 esse;
466 565 555 632 hunc
584 576 697 632 autem
725 587 829 655 quum
855 561 1211 636 inseminatam
1239 589 1337 655 agno.

211 653 319 722 vimus
340 677 360 720 a
382 651 558 720 scholiasta
579 660 792 742 usurpatum,
815 648 929 741 quidni
952 650 1093 730 eundem
1115 652 1187 740 jure
1208 649 1337 744 putabi-

210 763 285 806 mus
308 738 407 806 etiam
430 762 449 804 a
472 737 648 807 scholiasta
664 736 704 803 ad
721 738 809 805 Plut.
826 744 889 810 159
911 735 1092 804 adhibitum
1108 759 1197 817 csse;
1220 737 1337 841 quodsi

209 835 322 893 tamen
349 823 406 891 hic
433 822 613 892 scholiasta
658 823 805 890 aulolum
831 823 871 888 ab
895 821 1060 890 Eustachii
1081 823 1266 891 narratione
1288 849 1336 892 re·

210 911 309 992 cedit,
331 910 365 976 id
386 933 454 978 non
475 910 597 1002 poterit
618 849 679 978 alia
702 912 764 979 nisi
786 933 850 1000 qua
872 908 938 976 dixi
961 909 1085 978 ratione
1107 911 1273 1001 explicari.
1291 951 1337 964 ·-

209 997 249 1066 lu
275 996 466 1064 uuiversum
494 1007 622 1079 autern,
647 1037 692 1048 —-
724 1007 762 1064 ut
789 1020 848 1065 cur
876 996 1040 1063 Eustathii
1069 997 1263 1065 memoriam
1291 999 1334 1066 ad

209 1106 343 1151 ornnem
362 1082 617 1174 disputationem
638 1094 786 1151 nostram
809 1082 1016 1150 utilissimam
1032 1082 1246 1170 judicaverim
1267 1093 1337 1152 tan·

208 1169 287 1238 darn
309 1168 485 1261 aliquando
508 1193 681 1262 exponam,
703 1207 747 1220 ·--
769 1193 811 1237 ex
825 1177 964 1257 utroque
980 1167 1149 1236 Eustathii
1166 1171 1239 1240 loco
1254 1171 1336 1238 illud

209 1281 227 1323 a
253 1279 368 1346 parere
390 1256 499 1337 credo,
522 1256 733 1323 Eustathiom
755 1275 887 1346 quoque
910 1253 1039 1322 trivisse
1062 1257 1336 1325 commentarium

208 1282 353 1448 aliquem
373 1341 664 1434 Aristophaneum,
689 1341 745 1445 qui
767 1365 826 1411 sua
849 1343 885 1407 s'e
907 1339 1018 1408 indole
1040 1339 1085 1408 ita
1108 1340 1273 1424 habuerit,
1295 1354 1336 1411 ut

207 1422 228 1490 ὀ
249 1423 552 1510 υπομνηματισμὸς
572 1426 765 1520 simpliciter
786 1426 897 1497 vocari
943 1429 1079 1510 otuerit3
1102 1428 1164 1494 sed
1185 1427 1249 1496 hoc
1264 1429 1336 1496 fieri

207 1512 316 1606 potuit
337 1515 380 1582 oh
403 1515 571 1608 duplicem
593 1538 736 1598 causam,
759 1524 816 1581 aut
837 1450 941 1602 quod>
948 1513 995 1580 ita
1015 1513 1123 1580 clarus
1138 1525 1208 1582 erat
1221 1515 1335 1608 itaque

206 1623 268 1692 per
290 1601 438 1668 omniurn
460 1624 516 1670 ora
538 1624 721 1691 manusque
744 1599 998 1669 commentarius
1019 1599 1199 1681 ferebatur,
1221 1613 1259 1668 ut
1279 1603 1335 1670 vel

208 1688 316 1757 celato
344 1687 488 1755 auctoris
510 1687 651 1754 nomine
681 1709 795 1755 omnes
822 1696 933 1752 tamen
958 1695 1096 1777 possent
1148 1710 1222 1754 uem
1249 1688 1336 1756 inter

207 1773 353 1862 aliquam
374 1783 670 1844 commentatorum
692 1774 821 1840 turbam
848 1769 992 1840 indicare
1015 1770 1132 1838 Eustat
1159 1774 1209 1839 ius
1232 1775 1333 1842 vellet

206 1858 407 1948 intelligere;
428 1898 473 1910 -
498 1869 555 1926 aut
576 1860 664 1950 quod
687 1860 804 1927 unicus
825 1868 897 1924 tum
918 1858 982 1925 istc
1005 1859 1259 1926 commentarius
1281 1883 1335 1927 su-

205 1955 335 2036 perstes
358 1954 441 2026 erat,
470 1945 605 2094 reliquis
627 1957 814 2036 temporum
841 1943 981 2014 decursu
1009 1966 1050 2010 cx
1073 1942 1245 2012 homiuum
1266 1970 1334 2012 ma-

206 2030 304 2096 nibus
319 2029 501 2130 animisque
517 2030 647 2119 capsis,
668 2030 763 2121 isque
785 2030 864 2096 satis
879 2030 977 2095 tritus
1000 2039 1033 2096 et
1048 2029 1223 2098 Eustathio
1245 2042 1334 2100 certe

206 2125 246 2182 ut
265 2115 383 2182 unicus
410 2139 445 2181 ru
468 2138 529 2182 sun
558 2139 677 2204 genere
705 2127 813 2182 notus.
862 2115 988 2196 Harum
1010 2124 1121 2182 autern
1144 2117 1333 2185 denomina·
1455 2175 1458 2198 ,

206 2201 308 2268 tionis
335 2200 433 2268 istius
462 2225 635 2270 causarum
662 2224 765 2290 quum
793 2199 909 2267 ultima
931 2199 1046 2294 procul
1069 2201 1168 2269 dubio
1196 2203 1239 2269 sit
1260 2228 1333 2294 pro·

205 2285 357 2367 habilior,
379 2287 545 2354 Eustathii
568 2287 724 2356 memoria
747 2287 835 2354 haud
857 2288 965 2354 levem
987 2285 1027 2352 iis
1043 2286 1133 2354 addit
1147 2286 1224 2370 vim,
1247 2313 1332 2380 quae

206 2395 305 2464 supra
327 2373 516 2463 explanavi:
543 2372 729 2440 scholiastis
751 2372 998 2462 Aristophaneis
1022 2395 1125 2438 unum
1145 2382 1275 2440 tantum
1296 2376 1331 2443 in

208 2458 453 2549 interpretando
477 2458 749 2526 commentarium
771 2458 968 2549 suppetisse,
990 2480 1133 2549 eumque
1148 2483 1167 2526 a
1183 2459 1332 2551 pluribus

153 2611 156 2621 ,
208 2544 326 2612 cornici
347 2542 531 2612 scholiastis
552 2544 734 2612 adhibitum
757 2543 869 2615 videri.
990 2613 992 2626 ,

713 2749 741 2839 §.
769 2758 822 2826 10.

293 2883 407 2955 Redeo
429 2884 464 2953 in
484 2884 588 2968 viam,
609 2885 667 2953 uhi
689 2886 798 2955 statim
813 2911 900 2956 nova
915 2885 1060 2956 animum
1075 2885 1218 2958 advertit
1231 2912 1331 2980 quae·

207 2969 272 3040 stio
294 2996 452 3064 perquam
474 2972 530 3040 illa
553 2973 708 3040 difficilis:
733 2975 812 3064 quid
835 2975 877 3042 de
892 2971 1108 3064 amplitudine
1128 2970 1330 3057 ὑπομνήμα-

205 3076 264 3132 τος
290 3059 501 3150 judicandum
529 3059 572 3126 sit
599 3069 744 3149 quotque
776 3061 811 3127 in
839 3085 879 3129 eo
908 3061 1039 3129 fabulae
1067 3063 1260 3153 explanatae
1283 3061 1329 3131 vi-

207 3143 362 3227 deantur;
394 3145 503 3233 quode
524 3146 622 3236 plene
650 3157 791 3236 apteque
820 3148 863 3214 ad
885 3147 1149 3238 persuadendum
1170 3149 1329 3240 disputari

207 3230 337 3319 nequit,
372 3231 434 3296 uisi
463 3230 552 3322 prius
582 3256 623 3302 ex
651 3242 742 3321 parte
771 3233 887 3300 saltem
913 3233 949 3301 in
975 3232 1178 3302 scholiorum
1204 3237 1329 3301 Aristo
1373 3242 1377 3256 '

206 3315 410 3407 phaueorum
437 3312 536 3384 hodie
564 3320 776 3408 superstitum
803 3329 952 3388 naturam
980 3321 1206 3412 rationemque
1229 3319 1328 3388 altius

207 3425 225 3468 a
247 3402 341 3470 nobis
364 3401 557 3492 inquisitum
579 3405 656 3482 arit3
679 3415 790 3496 aperta
813 3404 900 3472 enirn
923 3429 1073 3497 quaeque
1095 3407 1128 3472 in
1145 3407 1253 3472 medio
1270 3431 1328 3498 po·

113 3486 118 3494 “
205 3487 267 3554 sita
297 3498 375 3558 sunt
401 3491 430 3556 si
451 3487 585 3556 rimarer
610 3491 697 3571 sola,
729 3515 796 3558 non
823 3491 936 3560 liceret
957 3493 1134 3583 quicquam
1156 3493 1327 3574 affirmare,
1382 3501 1389 3514 '

205 3573 270 3642 nisi
291 3575 332 3640 ad
348 3574 483 3642 Plutum
497 3575 695 3665 Pacemque,
718 3577 758 3644 ad
780 3594 948 3645 summum
970 3580 1067 3646 etiarn
1092 3578 1133 3644 ad
1149 3577 1275 3670 Vespas
1293 3589 1329 3647 et

205 3657 296 3730 Aves
326 3660 452 3728 fabulas
481 3672 615 3753 propter
635 3662 759 3730 scholia
785 3663 814 3750 §.
836 3672 866 3734 5.
896 3676 1101 3748 enumerata,
1133 3663 1220 3732 istud
1243 3658 1328 3725 ὑπό-

206 3760 322 3823 μνημα
343 3746 549 3837 pertinuisse.
570 3785 620 3798 -1
649 3747 717 3822 Sed
738 3749 766 3815 si
788 3748 861 3838 quis
884 3753 1067 3820 accuratius
1083 3751 1171 3818 etad
1189 3750 1327 3818 taliain·

205 3837 318 3896 tentus
340 3831 538 3900 scholiorum
561 3835 746 3924 congeriem
769 3838 1023 3926 pertractaverit,
1045 3837 1110 3904 hoc
1131 3859 1198 3903 non
1223 3836 1328 3938 fugiet

208 3914 324 4006 opinor
349 3939 545 4007 quemquam
571 3922 661 4010 quod
688 3921 766 3988 satis
795 3931 848 3990 est
874 3923 1102 3994 memorabile:
1134 3922 1326 4012 saepissime

206 4001 347 4068 lectores
375 4002 409 4067 in
436 4005 569 4072 scholiis
597 4009 638 4073 ad
665 4007 744 4075 alias
772 4007 806 4073 in
829 4007 964 4076 aliarum
986 4007 1213 4101 Aristophanis
1235 4009 1326 4077 fabu-

205 4085 312 4153 larum
343 4086 611 4179 interpretatione
639 4094 824 4185 propnsitas
858 4096 1103 4163 observationes
1131 4095 1255 4163 remitti
1284 4096 1326 4162 ad

206 4195 311 4262 eaque
339 4172 394 4240 vel
419 4179 642 4280 rectractapda
671 4181 780 4246 animo
810 4181 864 4248 vel
892 4193 967 4249 ante
991 4181 1176 4248 uberiorem
1199 4180 1325 4271 exposi-

204 4259 331 4326 tionem
353 4261 449 4349 aequi
472 4261 614 4347 bonique
637 4267 836 4334 consulenda
856 4267 1063 4358 tenendaque
1078 4267 1217 4348 invitari,
1239 4289 1325 4357 quae
1427 4285 1428 4295 ¹

204 4345 260 4412 vel
288 4355 381 4412 autea
411 4348 559 4437 exposita
585 4349 657 4439 'sint
683 4355 737 4420 vel
763 4353 894 4444 postilla
921 4364 1103 4422 tractentur
1130 4352 1323 4420 accuratius.

168 4471 179 4493 a
205 4429 299 4516 Quae
322 4431 455 4523 quidem
482 4433 719 4524 interpretandi
744 4440 826 4506 ratio
849 4463 946 4530 quam
973 4466 1046 4510 uanr
1070 4463 1137 4506 non
1158 4439 1198 4504 ah
1222 4437 1324 4506 omni·

203 4514 267 4586 bus
281 4541 367 4610 quae
389 4529 530 4588 aetatem
545 4521 694 4592 tulerunt
707 4524 908 4596 scholiorum
924 4465 1175 4596 cillectionibus
1189 4547 1323 4616 prorsus
