3258 5134
326 289 354 364 2

7 425 15 604 l
256 495 263 532 r
328 475 415 546 ditae
438 473 605 547 doctrinae
626 475 765 546 frustula
787 473 829 546 ad
850 482 957 546 totam
977 473 1204 546 illustrandam
1223 475 1454 570 antiquitatem

265 633 268 636 .
327 567 372 632 ex
403 563 535 634 scholiis
563 565 811 658 Aristophaneis
842 574 957 656 petere
988 565 1165 655 possimus.
1219 564 1336 657 Neque
1365 565 1454 634 enim

328 649 569 742 displiciturum
590 651 655 722 hoc
679 649 923 722 commentandi
951 665 1056 741 genus
1080 651 1127 718 eis
1150 652 1301 720 omnibus
1323 675 1454 742 persua·

327 737 402 804 sirm
423 738 548 822 habco,
576 741 633 831 qui
654 739 689 806 in
710 738 931 825 recentiorum
958 737 1197 806 narrationibus
1225 737 1454 828 graeculorum

328 823 438 890 sciunt
489 849 565 893 uam
593 837 689 894 caute
719 826 763 892 sit
788 823 1003 905 versandum,
1035 847 1078 890 ne
1100 824 1157 915 qui
1178 835 1329 916 proterva
1351 847 1450 914 saepe

241 917 243 928 “
327 910 435 976 fronte
456 850 557 978 tidem
578 911 762 980 habendam
786 911 849 978 sibi
871 911 1012 976 clamare
1033 909 1187 980 videntur
1201 911 1303 977 testes
1319 910 1454 977 cludant
1499 985 1501 992 ¹
1618 937 1619 944 ¹

326 1017 388 1082 qos
411 997 452 1063 de
475 999 621 1089 ipsorum
643 998 837 1065 auctoritate
859 1019 1008 1079 securos3
1038 993 1124 1064 banc
1147 1007 1258 1064 autern
1279 997 1453 1064 doctorum

325 1082 471 1150 virorum
517 1095 620 1152 artem
642 1085 701 1152 ubi
722 1084 848 1176 judices
873 1092 989 1150 nactus
1003 1091 1084 1164 ero,
1114 1105 1247 1150 causam
1268 1106 1376 1150 meam
1400 1105 1452 1148 su-

327 1168 456 1268 stinebo
480 1109 596 1254 liicile,
630 1171 658 1242 si
686 1171 722 1237 in
747 1169 836 1238 istud
869 1179 1100 1259 argumentum
1127 1169 1295 1262 quomodo
1324 1170 1452 1236 delatus

285 1289 294 1302 ·
326 1277 389 1322 srm
407 1279 591 1326 narravero.
864 1291 897 1307 ι’

412 1343 492 1410 Fuit
518 1343 621 1433 igitur
641 1366 744 1435 quum
767 1350 921 1410 accurate
944 1340 986 1409 de
1009 1337 1046 1409 ea
1070 1341 1262 1432 quaestione
1285 1362 1452 1408 commen·

325 1427 389 1497 tari
413 1427 651 1528 instituerem„
670 1453 758 1520 quae
784 1439 837 1501 est
863 1429 906 1516 de
929 1427 1241 1522 Aristophanearum
1269 1428 1452 1496 fabularum

219 1555 234 1582 ,1
324 1503 512 1605 per‘totiain
536 1517 666 1583 dirutam
690 1515 919 1605 antiquitatem
935 1505 1141 1606 condicione,
1163 1511 1232 1581 sive
1248 1513 1324 1580 illae
1340 1510 1451 1580 docto-

323 1624 397 1666 rum
431 1603 719 1690 grammaticorum
752 1602 837 1670 curis
872 1601 1078 1674 criticisrvcl
1106 1601 1320 1668 decesserunt
1346 1599 1473 1686 magis·

225 1692 227 1696 ’
300 1687 496 1778 Κπιεςὶεᾳιιε
525 1714 544 1756 a
572 1688 709 1781 pristina
743 1699 778 1756 et
806 1688 947 1778 genuina
974 1687 1080 1754 forma
1111 1687 1168 1755 vel
1199 1687 1241 1752 ad
1269 1685 1451 1776 principem

324 1771 475 1840 habitum
498 1775 606 1842 denuo
629 1775 806 1854 redierunt,
829 1773 899 1842 sive
921 1773 1149 1841 vel-accurata
1173 1782 1207 1839 et
1227 1773 1334 1840 sobria
1353 1771 1450 1839 iuter-

324 1860 508 1951 pretationc
523 1861 668 1927 debitam
683 1861 915 1929 festivissimae
930 1861 1068 1927 facetiae
1088 1858 1220 1925 laudem
1237 1869 1352 1926 nactae
1373 1867 1452 1924 sunt

180 2020 185 2030 ,
314 1946 378 2012 .νεί
394 1947 601 2037 quorundam
620 1958 846 2015 enarraturum
859 1947 995 2014 levitate
1009 1946 1119 2012 minus
1134 1945 1326 2036 perspectae
1341 1941 1458 2010 labem

325 2032 469 2121 aliquam
497 2032 821 2102 etiam‘inr‘cxterria
839 2034 955 2102 ‘forma
983 2039 1231 2113 contraxerunt,
1266 2031 1361 2098 utin
1382 2052 1450 2096 uno

322 2117 423 2208 igitur
448 2118 523 2186 loco
552 2123 726 2210 conjuncta
755 2130 867 2189 essent
894 2119 1020 2200 omnia,
1053 2142 1138 2208 quae
1161 2118 1204 2184 ad
1225 2118 1371 2185 criticam
1394 2115 1451 2188 att·

322 2227 433 2296 quam
445 2205 921 2298 contextus'interpretatiouis
947 2229 989 2272 ue
1003 2205 1114 2271 Aristo
1140 2204 1264 2270 haueae
1280 2203 1454 2292 historiam-

321 2291 525 2381 pertinerent
543 2292 674 2375 talem,¹
700 2295 833 2385 qualem
860 2292 901 2357 in·
924 2229 1036 2358 divino
1058 2229 1321 2379 Proiegomenoir
1335 2295 1454 2382 ³eper'o'

323 2378 364 2443 de
387 2376 523 2452 Homeri
542 2379 752 2454 ¹carminibus
778 2379 923 2452 Wolfius
942 2375 1117 2444 inchoavit
1144 2378 1250 2479 magis
1269 2391 1379 2467 'qnam
1404 2375 1451 2442 ad

322 2464 424 2540 finem
450 2465 612 2555 perduxit
635 2465 825 2557 '‘Atquiad
839 2488 924 2532 ¹earnw
944 2459 1173 2556 quaestioirem
1188 2474 1256 2530 rste
1279 2464 1451 2550 instituens

323 2549 413 2620 dam
428 2561 558 2626 constat
577 2552 667 2624 inter
688 2546 803 2620 do‘ctos
824 2551 960 2619 unicum
975 2550 1237 2642 'paenclontem
1261 2549 1455 2636 esse's'cbol

322 2636 367 2714 lia
389 2659 444 2715 ea,
476 2659 564 2726 quas
583 2639 730 2712 sclllarci
742 2637 1075 2708 -Musuntcreaanris
1089 2640 1286 2704 recensione
1303 2636 1454 2728 primum

322 2721 697 2818 iraffildipoexemplari
713 2725 806 2793 edita
829 2724 1072 2818 etdeincepsa
1095 2723 1208 2790 multis
1222 2723 1361 2813 repetita
1372 2739 1451 2814 pas·

322 2807 461 2897 simque
480 2821 637 2882 correcta.
656 2820 752 2895 sunt3
784 2811 903 2902 quibus
928 2819 1038 2878 nostra
1059 2810 1218 2878 memoria
1241 2821 1449 2900 epraestau-

321 2894 451 2978 tissimo
477 2897 597 2964 codice
614 2897 809 2966 Rauennate
828 2899 874 2964 ite
933 2919 975 2964 ne
993 2919 1022 2969 ‘e‘
1039 2896 1210 2964 codicibus
1226 2894 1363 2979 Venetis
1385 2895 1447 2980 alia

322 3003 491 3058 accessere
517 2983 617 3052 simili
644 2984 697 3053 vcl
712 2983 828 3051 etiam
855 3009 921 3074 pau
935 2997 989 3051 um
1008 3003 1117 3074 :saepe
1145 2986 1269 3072 majore
1288 2976 1453 3049 'doctriua'

321 3065 457 3147 relerta,
478 3093 566 3160 quae
586 3079 701 3138 tamen
721 3075 798 3138 crim
817 3069 947 3137 Aldinis
967 3069 1003 3135 in
1023 3091 1152 3135 summa
1173 3069 1451 3158 resumpturum-¹

370 3156 640 3256 aptonssntirmt,
666 3166 703 3222 ut
724 3144 868 3224 eundem
888 3167 1103 3245 utrorumque
1125 3155 1261 3223 lontcm'
1275 3156 1455 3242 antiquum*

331 3305 337 3320 ,
360 3238 877 3320 lstbltoncedcndumuideatur.
923 3241 991 3310 Sed
1012 3265 1101 3332 quae
1143 3253 1294 3310 raoterea'
1311 3241 1455 3306 circum-⁹

323 3325 472 3405 feruntur
492 3319 594 3400 bodie
611 3328 923 3420 induistopbanem
946 3328 1065 3419 scripta
1078 3267 1229 3412 'scbolim
1259 3345 1296 3396 ea
1320 3335 1453 3392 aurbu-⁹

322 3411 365 3488 ba
384 3413 668 3506 ,contineutuquse
682 3416 750 3503 *qui
776 3411 938 3498 'prioribus
967 3423 1098 3482 tantum
1119 3411 1221 3502 labrld
1241 3412 1460 3500 graecas’litaf

322 3506 410 3577 teras
434 3497 981 3593 attigeritcouscribillare*possiti,
1008 3507 1178 3592 autquaa'
1197 3498 1452 3576 exxnrtenaeo„

297 3635 301 3643 .
321 3581 434 3663 suida,
457 3584 644 3668 Eustathio,
667 3588 738 3654 aliis
759 3588 862 3678 petita
886 3589 926 3654 ab
948 3585 1028 3690 ipsis
1044 3588 1177 3674 demum
1196 3581 1376 3678 editoribrrs
1391 3587 1446 3651 tel

322 3670 507 3761 conscripta
540 3673 607 3744 sint
626 3683 708 3742 :tata
724 3729 727 3740 .
742 3674 961 3744 velbreviorr
995 3673 1215 3766 antiquiorum
1241 3671 1445 3759 scholiorum

339 3779 470 3826 ummac
492 3765 662 3849 tamquam
683 3761 825 3828 maxima
840 3761 1069 3852 parsadjecta,
1091 3761 1124 3826 id
1140 3757 1287 3854 quod-
1307 3777 1350 3824 ne
1365 3755 1449 3852 quid·

385 3844 605 3918 recentiorum
627 3845 758 3914 lusibus
768 3847 899 3930 diem,
920 3885 966 3900 --
992 3831 1383 3932 Junrinam··sacundam‚·
1402 3842 1445 3909 ab

321 3928 465 3998 Antonio
503 3930 647 4000 Frocino·
682 3931 882 4000 ¹Vracbiensi.
920 3933 1112 4000 adornatam
1143 3929 1312 4022 ¹imprimis
1338 3929 1444 3996 attin-

322 4013 369 4102 git
387 4016 425 4095 ι),.
452 4055 497 4070 -ν-
543 4019 659 4108 ltaque
686 4043 789 4111 quum
816 4020 851 4086 in
878 4041 1078 4108 eamquam
1101 4018 1173 4085 dixi
1202 4039 1272 4084 rem
1294 4016 1444 4084 intentus

322 4100 366 4183 ad
386 4101 505 4180 Aldina
530 4103 658 4172 scholia
668 4105 823 4187 »ferebam
850 4105 1139 4197 praestantissimis
1161 4101 1444 4182 observationibus

320 4194 389 4266 tam
411 4189 531 4266 multas
553 4190 623 4260 sine
646 4192 830 4260 eruditione
851 4192 976 4260 ullaet
990 4201 1059 4258 arte
1072 4192 1276 4281 excogitatas
1291 4187 1451 4256 videbam

321 4269 485 4352 admixtas
507 4298 595 4360 esse,
623 4287 662 4346 ut
684 4299 799 4347 eorum
820 4301 953 4372 quoque
980 4301 1066 4371 quae
1086 4295 1170 4350 vera'
1185 4276 1270 4346 tradi
1289 4273 1447 4385 rideban-¹

319 4401 523 4440 *pumat-n·-
569 4397 575 4414 ⁸
745 4400 749 4411 '
779 4419 783 4430 ,
850 4395 877 4426 Ἰ
990 4402 1002 4417 ·=
1054 4411 1057 4422 ·
1206 4407 1210 4412 ·

288 4504 290 4516 .
318 4473 652 4626 Pmlqutiphltteqtle'lvb
671 4459 898 4633 iiilfhdill‘l'
913 4451 1000 4566 Μ.
1020 4480 1083 4543 coll·
1096 4451 1283 4556 'liemsterbu'si
1301 4469 1442 4558 Aristopb.
