3258 5134
344 207 404 280 24.

359 386 572 483 Φαινιίτιιου]
599 381 727 479 πατρός
746 386 838 458 ἔστιν
864 410 894 456 ιι.
914 412 945 458 τ.
967 391 1015 475 b,
1030 439 1033 449 .
1048 392 1105 462 ubi
1129 390 1210 462 illud
1232 390 1364 476 Mystes
1377 395 1474 469 ciere

355 477 570 562 demonstrat,
599 477 736 547 aliorum
758 481 986 549 auctoritatem
1007 481 1041 548 in
1062 481 1200 563 istorum
1223 487 1475 554 commenta-toa

351 579 425 666 rpm
437 565 645 656 producenda
658 564 824 634 'sententia
840 578 1018 660 sequutum
1034 567 1257 652 scholiastam,
1280 593 1348 642 nou
1361 571 1474 664 ipsum
1523 655 1527 660 Ι

350 671 517 720 οισιιιιιιιιι
539 673 621 718 esse.
641 691 684 703 --
1001 683 1003 688 v

424 737 618 804 tSed'unus
644 737 751 806 adhuc
771 736 865 806 locus
892 746 1007 820 restat,
1041 761 1141 830 quern
1163 737 1268 831 quum
1288 740 1500 812 beatiorem.

350 823 516 892 veteribus
530 823 779 891 *commentariis
801 822 1011 892 scholiastam
1032 827 1168 894 reddere
1190 827 1472 918 'videatur‘quam

352 909 505 998 equidem
530 909 640 976 omnia
661 921 846 992 momenta,
878 911 1012 978 minima
1035 914 1193 996 maxima,
1221 923 1372 981 accurate
1394 937 1473 980 eone

350 995 527 1098 temptatus
551 996 656 1078 ,fuisse
678 1018 755 1062 eum
777 997 1101 1086 judicaverim,1non
1124 999 1252 1066 debebo
1275 997 1398 1082 celare,
1418 999 1474 1066 'ne

350 1081 470 1170 cupide
500 1081 604 1170 magis
625 1105 724 1171 quam
751 1082 858 1160 sobrie
886 1105 981 1171 agere
1010 1083 1132 1151 videar.
1184 1085 1358 1154 Servatum
1381 1087 1471 1152 enirn

350 1176 402 1233 est
422 1166 507 1234 inter
528 1167 771 1235 observationes
795 1169 835 1236 ad
849 1168 1078 1236 illustrandum
1093 1169 1240 1237 Nubium
1258 1195 1391 1238 versum
1405 1179 1471 1242 500

348 1254 486 1342 scriptas
508 1253 671 1322 scholium
693 1255 858 1344 quoddam
871 1251 958 1320 'satis
974 1253 1125 1345 longum,
1148 1259 1235 1347 quod
1260 1258 1300 1323 ab
1315 1256 1405 1324 hisce
1421 1257 1470 1323 in·

289 1380 291 1384 -
347 1339 429 1440 cipit
440 1338 561 1407 verbis:
582 1335 619 1398 ἐν
629 1339 696 1419 μὲν
704 1339 775 1412 τοῖς
788 1339 945 1412 παλαιοῖς
958 1334 1178 1427 ἀντιγράφοις
1191 1333 1296 1414 attam
1307 1327 1415 1426 stipor,
1425 1381 1469 1391 --

347 1425 477 1526 quibus·
490 1435 565 1516 post
583 1425 770 1529 expositam
790 1427 832 1494 de
848 1425 1038 1518 Trophonio
1062 1430 1198 1518 ejusque
1219 1423 1471 1528 oracuiobisto·

346 1509 836 1597 narn-1haec‘·'sub1ecta·sunt:
868 1509 905 1572 ἰν
931 1509 966 1570 δὲ
994 1511 1065 1586 wis
1091 1511 1260 1597 νεωτέροις
1284 1506 1403 1587 Οὕτως,
1422 1515 1469 1562 —·-'

347 1596 602 1664 adsistentem
623 1593 782 1680 historia,
802 1597 860 1666 sed
882 1597 1053 1690 paululum
1080 1598 1211 1668 variata.
1261 1598 1373 1684 Quae,
1397 1620 1464 1688 qua

346 1692 429 1749 sant
449 1692 588 1768 externa
600 1681 708 1750 forma
725 1685 917 1785 proposita,
939 1679 1038 1751 facile
1051 1695 1186 1776 possent
1207 1683 1315 1751 minus
1330 1693 1467 1750 cautum

346 1767 384 1834 iu
402 1791 481 1835 eum
502 1777 644 1836 errorem
667 1770 825 1860 abripere,
847 1781 890 1837 ut·
900 1769 1015 1836 eadem
1030 1769 1112 1837 baec
1128 1771 1254 1839 ratione
1269 1770 1377 1861 posita
1392 1790 1466 1836 esse

347 1855 509 1936 crederet,
538 1877 604 1956 qap
625 1856 714 1956 iliud*
729 1857 817 1945 quod
839 1880 857 1922 e
880 1855 994 1924 scholi.
1017 1855 1160 1922 Fiat-et
1174 1855 1251 1922 Pac.
1274 1875 1371 1946 supra
1393 1857 1470 1948 prp.

346 1939 501 2006 duximus
509 1963 520 2005 a
552 1934 655 2014 οὕτως
675 1957 773 2024 sopor
790 1939 830 2001 ἐν
850 1935 1085 2023 s‘uroproipou.¹
1120 1941 1157 2008 ld
1178 1941 1206 2008 si
1231 1965 1347 2010 verum
1368 1949 1467 2020 esset,

346 2025 542 2093 haberemus
562 2049 657 2094 asane
693 2027 904 2095 scholiastam
936 2027 1213 2120 Aristophaneurn
1249 2017 1289 2095 ab
1324 2025 1467 2116 antiquis

346 2111 648 2182 commentariis
680 2137 748 2180 non
779 2113 1213 2182 mediocriterrinstructum
1245 2135 1387 2204 eumque
1421 2112 1467 2178 ita

344 2197 401 2263 vel
422 2197 555 2264 doctum
577 2201 630 2265 vel
650 2208 858 2280 accuratum,
880 2209 921 2265 'ut
942 2220 1027 2287 quae
1050 2199 1248 2288 antiquiores
1270 2222 1377 2288 coque
1398 2221 1467 2264 ma-

345 2283 416 2372 jore
443 2283 507 2350 fide
536 2284 642 2372 digni,
676 2309 826 2375 quaeque
848 2284 1054 2351 recentiores
1082 2286 1269 2374 minusque
1285 2285 1325 2350 ab
1347 2285 1467 2350 idonea

290 2423 296 2430 .
348 2369 670 2458 aliquaauctoritate
692 2371 822 2464 probati
844 2368 1069 2438 commentarii
1091 2371 1267 2451 referrent,
1289 2370 1406 2438 sedulo
1421 2369 1467 2435 di-

278 2505 286 2523 ι
346 2455 513 2542 stinguere
541 2457 840 2526 examinando-vel
861 2457 1023 2548 potuisset
1048 2457 1103 2524 vel
1125 2456 1294 2524 voluisset.
1342 2455 1467 2523 Verum

345 2549 631 2608 tamennostrum
645 2544 778 2632 quidem
801 2565 970 2610 assensum
986 2541 1120 2609 cohibet
1139 2542 1313 2609 Nubium
1335 2564 1468 2623 nomeu,

344 2635 524 2714 monetque
551 2649 599 2692 ue'
622 2633 730 2694 minus
760 2639 863 2704 caute·
885 2653 903 2694 a
928 2629 1011 2694 endo
1035 2629 1113 2696 vere
1141 2629 1273 2694 Nubem
1300 2651 1360 2718 pro
1380 2627 1467 2694 Jove

346 2713 490 2802 amplexi
506 2735 647 2778 errorem
661 2709 878 2804 procreemus.
906 2652 998 2780 {atis
1010 2713 1095 2780 enim
1108 2724 1245 2795 constat,
1257 2714 1342 2780 inter
1353 2733 1472 2788 omnes

344 2797 576 2884 Aristophanis
599 2799 726 2868 fabulas
753 2799 878 2866 nuliam
900 2799 970 2865 iere
991 2798 1141 2865 Nubibus
1163 2799 1367 2888 frequentius
1393 2809 1471 2865 esse

346 2883 526 2971 antiquitus
547 2884 743 2966 lectitatam,
772 2908 839 2975 quo
863 2884 1036 2978 oportebat
1057 2884 1186 2952 evenire
1208 2894 1249 2951 ut
1268 2883 1467 2952 scholiomm

346 2991 479 3070 quoqne
506 2972 611 3058 major
638 2995 737 3061 quam
766 2971 808 3036 ad
836 2971 915 3038 alias
942 2970 1131 3038 'comoedias
1152 2971 1264 3036 moles
1290 2971 1332 3038 ad
1347 2969 1468 3037 'Nubes

347 3055 792 3147 expiscandasnpangeretur.
841 3057 991 3142 Quorum
1013 3055 1041 3121 si
1063 3080 1130 3123 non
1157 3056 1330 3124 minimum
1355 3077 1514 3122 nume··.

345 3163 420 3206 rum
443 3163 509 3216 non
530 3150 599 3231 tam
622 3167 663 3209 ex
678 3142 819 3233 antiquis
831 3141 1083 3222 commentariis,
1107 3165 1206 3231 quam
1222 3165 1262 3208 ex
1277 3142 1357 3233 ipsis
1375 3139 1467 3206 sebo-

345 3225 552 3318 liispridem
578 3226 750 3295 contextui
779 3232 845 3316 jam
873 3228 1021 3330 ascriptis
1043 3227 1201 3294 baustum
1228 3251 1301 3295 esse
1329 3227 1468 3292 affirma·

287 3394 290 3400 Ι
345 3312 539 3392 venustabit
560 3311 702 3381 fortasse
725 3325 782 3381 aut
802 3315 880 3381 novi
903 3315 1024 3380 dixisse
1045 3313 1183 3380 videbor
1205 3323 1264 3380 aut
1283 3313 1373 3403 quod
1393 3334 1467 3379 con·

346 3398 471 3465 cedere
490 3398 570 3465 mihi
596 3401 651 3467 vel
673 3401 744 3466 eine
767 3401 967 3468 accuratiore
989 3398 1269 3466 demonstratione
1291 3399 1465 3488 quisquam

347 3484 555 3551 dubitaverit.
604 3485 698 3552 ldern
715 3495 831 3552 ‘autem
853 3485 888 3568 in
910 3509 950 3553 eo
974 3485 1014 3551 de
1037 3508 1103 3575 quo
1125 3484 1343 3552 cummaxime
1363 3481 1469 3570 agitur

347 3569 485 3637 scholio,
498 3571 739 3652 factumesse,
773 3571 955 3639 certissimo
982 3572 1183 3638 documento
1204 3571 1285 3636 illud
1308 3566 1469 3656 estquod

346 3653 402 3722 bic
417 3666 583 3758 comparet
606 3650 824 3742 ἀντιγράφων
844 3681 975 3724 nornen.
1017 3657 1091 3722 Hoc
1105 3656 1162 3744 qui
1179 3655 1218 3722 de
1240 3646 1468 3734 ὑπομνήματι,

347 3743 449 3830 quale·
466 3741 521 3806 lnc
543 3742 744 3830 quaerimus,
768 3741 885 3808 dixerit
907 3741 1166 3832 simpliciter,
1188 3764 1250 3808 nec
1266 3739 1342 3806 alibi
1357 3762 1468 3829 quem-

346 3845 447 3976 quam
468 3827 579 3894 inveni
601 3853 679 3906 nec,
696 3829 803 3930 quod
825 3828 959 3896 maximi
981 3837 1031 3894 est
1052 3825 1228 3908 momenti,
1259 3825 1295 3891 in
1316 3825 1367 3892 bis
1388 3823 1467 3916 ipsis

380 3909 598 4004 ristop‘baueis
622 3913 756 3981 scholas
777 3912 877 4004 idque
899 3913 955 3988 eis,
979 3912 1183 4003 de'quorum·
1197 3911 1332 4002 antiquo
1355 3923 1389 3986 et
1405 3911 1468 3978 sin·

348 4021 424 4065 cero
446 3993 646 4090 minimeque
667 4000 807 4068 ¹aliorum
829 3999 915 4068 mala
930 3998 1104 4066 sedulitate
1126 3998 1258 4065 turbato
1273 4001 1364 4066 fonte
1379 3995 1467 4064 nulla

346 4093 458 4176 potest
480 4108 551 4156 esse
566 4090 657 4176 'justa
683 4085 861 4168 dubitati03
883 4087 984 4151 immo
1007 4084 1117 4151 omnia
1138 4084 1171 4150 in
1186 4108 1227 4151 eo
1247 4084 1466 4162 consentiunt,

347 4179 387 4236 ut
414 4169 607 4254 ᾀντίγραφα.
634 4172 687 4238 rel
714 4164 921 4255 ἀντιγραφαὶ
946 4170 980 4236 si·
995 4191 1064 4236 non
1086 4169 1267 4238 accuratius
1289 4168 1468 4258 insigniun-

347 4265 417 4340 tur,
438 4274 506 4322 non
528 4255 646 4323 dixisse
669 4281 886 4346 quemquam,
910 4265 999 4323 certe
1021 4257 1106 4323 inter
1126 4265 1255 4324 veteres
1277 4253 1466 4344 Aristopha-

348 4343 400 4409 nis
422 4342 833 4433 scboliastasfputandum
855 4342 913 4424 sit,
935 4341 1164 4443 nisiipsarum
1185 4341 1368 4408 fabularum
1392 4361 1467 4406 con-

347 4437 492 4508 textum,
526 4453 590 4495 non
622 4429 875 4496 commentarios
908 4438 1082 4519 separatim
1109 4427 1141 4493 in
1165 4450 1221 4495 eas
1250 4425 1467 4515 couscriptum

591 4567 603 4606 t
