<?xml version="1.0" encoding="UTF-8"?>
<!DOCTYPE html PUBLIC "-//W3C//DTD XHTML 1.0 Transitional//EN"
    "http://www.w3.org/TR/xhtml1/DTD/xhtml1-transitional.dtd">
<html xmlns="http://www.w3.org/1999/xhtml" xml:lang="en" lang="en">
 <head>
  <title>
</title>
<meta http-equiv="Content-Type" content="text/html;charset=utf-8" />
  <meta name='ocr-system' content='tesseract 3.04.00' />
  <meta name='ocr-capabilities' content='ocr_page ocr_carea ocr_par ocr_line ocrx_word'/>
</head>
<body>
  <div class='ocr_page' id='page_1' title='image "./deveteruminaris00schngoog_0047.png"; bbox 0 0 3258 5134; ppageno 0'>
   <div class='ocr_carea' id='block_1_1' title="bbox 355 258 406 331">
    <p class='ocr_par' dir='ltr' id='par_1_1' title="bbox 355 258 406 331">
     <span class='ocr_line' id='line_1_1' title="bbox 355 258 406 331; baseline 0 0"><span class='ocrx_word' id='word_1_1' title='bbox 355 258 406 331; x_wconf 80' lang='grc'>38</span> 
     </span>
    </p>
   </div>
   <div class='ocr_carea' id='block_1_2' title="bbox 741 379 806 416">
    <p class='ocr_par' dir='ltr' id='par_1_2' title="bbox 741 379 806 416">
     <span class='ocr_line' id='line_1_2' title="bbox 741 379 806 416; baseline 0 0"><span class='ocrx_word' id='word_1_2' title='bbox 741 388 743 396; x_wconf 74' lang='grc'>’</span> <span class='ocrx_word' id='word_1_3' title='bbox 794 379 806 416; x_wconf 67' lang='lat' dir='ltr'>i</span> 
     </span>
    </p>
   </div>
   <div class='ocr_carea' id='block_1_3' title="bbox 352 408 1515 878">
    <p class='ocr_par' dir='ltr' id='par_1_3' title="bbox 352 408 1515 878">
     <span class='ocr_line' id='line_1_3' title="bbox 356 408 1483 534; baseline -0.007 -28"><span class='ocrx_word' id='word_1_4' title='bbox 356 463 449 534; x_wconf 79' lang='lat' dir='ltr'>pres,</span> <span class='ocrx_word' id='word_1_5' title='bbox 486 435 534 520; x_wconf 68' lang='grc' dir='ltr'>μὴ</span> <span class='ocrx_word' id='word_1_6' title='bbox 566 408 741 528; x_wconf 36' lang='lat' dir='ltr'>interdum*</span> <span class='ocrx_word' id='word_1_7' title='bbox 758 436 837 526; x_wconf 90' lang='lat' dir='ltr'>poni</span> <span class='ocrx_word' id='word_1_8' title='bbox 866 459 925 525; x_wconf 88' lang='lat' dir='ltr'>pro</span> <span class='ocrx_word' id='word_1_9' title='bbox 952 427 1011 512; x_wconf 84' lang='grc' dir='ltr'>οὐ,</span> <span class='ocrx_word' id='word_1_10' title='bbox 1049 443 1165 524; x_wconf 85' lang='lat' dir='ltr'>estque</span> <span class='ocrx_word' id='word_1_11' title='bbox 1191 431 1266 500; x_wconf 90' lang='lat' dir='ltr'>talis</span> <span class='ocrx_word' id='word_1_12' title='bbox 1295 430 1483 529; x_wconf 70' lang='lat' dir='ltr'>obseruatio</span> 
     </span>
     <span class='ocr_line' id='line_1_4' title="bbox 354 519 1515 620; baseline -0.012 -25"><span class='ocrx_word' id='word_1_13' title='bbox 354 527 535 614; x_wconf 80' lang='lat' dir='ltr'><strong>etiamnum</strong></span> <span class='ocrx_word' id='word_1_14' title='bbox 564 523 597 588; x_wconf 89' lang='lat' dir='ltr'>in</span> <span class='ocrx_word' id='word_1_15' title='bbox 627 521 730 592; x_wconf 90' lang='lat' dir='ltr'>schol.</span> <span class='ocrx_word' id='word_1_16' title='bbox 751 527 812 590; x_wconf 81' lang='lat' dir='ltr'>hv.</span> <span class='ocrx_word' id='word_1_17' title='bbox 836 532 914 600; x_wconf 74' lang='lat' dir='ltr'>lua,</span> <span class='ocrx_word' id='word_1_18' title='bbox 946 529 1202 620; x_wconf 79' lang='lat' dir='ltr'>propterquam</span> <span class='ocrx_word' id='word_1_19' title='bbox 1225 519 1387 618; x_wconf 46' lang='lat' dir='ltr'>abeatf</span> <span class='ocrx_word' id='word_1_20' title='bbox 1415 543 1483 618; x_wconf 82' lang='lat' dir='ltr'>pou</span> <span class='ocrx_word' id='word_1_21' title='bbox 1511 548 1515 566; x_wconf 87' lang='lat'>·</span> 
     </span>
     <span class='ocr_line' id='line_1_5' title="bbox 353 605 1482 756; baseline -0.008 -77"><span class='ocrx_word' id='word_1_22' title='bbox 353 611 487 714; x_wconf 78' lang='lat' dir='ltr'>quidem</span> <span class='ocrx_word' id='word_1_23' title='bbox 506 609 723 733; x_wconf 79' lang='lat' dir='ltr'>Morbouiam,</span> <span class='ocrx_word' id='word_1_24' title='bbox 747 609 807 709; x_wconf 79' lang='lat' dir='ltr'>sed</span> <span class='ocrx_word' id='word_1_25' title='bbox 822 605 1117 709; x_wconf 43' lang='lat' dir='ltr'>blahandam,·ubr</span> <span class='ocrx_word' id='word_1_26' title='bbox 1139 629 1168 705; x_wconf 77' lang='lat' dir='ltr'>si</span> <span class='ocrx_word' id='word_1_27' title='bbox 1190 615 1396 756; x_wconf 72' lang='lat' dir='ltr'>utaturlrpse</span> <span class='ocrx_word' id='word_1_28' title='bbox 1417 614 1482 672; x_wconf 87' lang='lat' dir='ltr'>rste</span> 
     </span>
     <span class='ocr_line' id='line_1_6' title="bbox 352 694 1483 878; baseline -0.013 -25"><span class='ocrx_word' id='word_1_29' title='bbox 352 701 690 878; x_wconf 63' lang='lat' dir='ltr'>ultusultus</span> <span class='ocrx_word' id='word_1_30' title='bbox 709 695 879 872; x_wconf 65' lang='lat' dir='ltr'>ililllio</span> <span class='ocrx_word' id='word_1_31' title='bbox 893 694 1483 868; x_wconf 52' lang='lat' dir='ltr'>&#39;billialhiiitaliliiiiiiiiif</span> 
     </span>
    </p>
   </div>
   <div class='ocr_carea' id='block_1_4' title="bbox 861 984 971 1072">
    <p class='ocr_par' dir='ltr' id='par_1_4' title="bbox 861 984 971 1072">
     <span class='ocr_line' id='line_1_7' title="bbox 861 984 971 1072; baseline -0.045 -16"><span class='ocrx_word' id='word_1_32' title='bbox 861 984 890 1072; x_wconf 76' lang='lat'>§-</span> <span class='ocrx_word' id='word_1_33' title='bbox 920 993 971 1056; x_wconf 80' lang='lat'>12.</span> 
     </span>
    </p>
   </div>
   <div class='ocr_carea' id='block_1_5' title="bbox 320 1119 1563 3452">
    <p class='ocr_par' dir='ltr' id='par_1_5' title="bbox 320 1119 1563 3452">
     <span class='ocr_line' id='line_1_8' title="bbox 437 1119 1483 1216; baseline 0 -26"><span class='ocrx_word' id='word_1_34' title='bbox 437 1123 549 1214; x_wconf 76' lang='lat' dir='ltr'>Atque</span> <span class='ocrx_word' id='word_1_35' title='bbox 575 1125 659 1194; x_wconf 87' lang='lat' dir='ltr'>haec</span> <span class='ocrx_word' id='word_1_36' title='bbox 688 1121 823 1216; x_wconf 86' lang='lat' dir='ltr'>quidem</span> <span class='ocrx_word' id='word_1_37' title='bbox 853 1120 963 1188; x_wconf 91' lang='lat' dir='ltr'>omnia</span> <span class='ocrx_word' id='word_1_38' title='bbox 986 1145 1088 1210; x_wconf 88' lang='lat' dir='ltr'>quum</span> <span class='ocrx_word' id='word_1_39' title='bbox 1116 1119 1151 1186; x_wconf 92' lang='lat' dir='ltr'>in</span> <span class='ocrx_word' id='word_1_40' title='bbox 1173 1145 1276 1188; x_wconf 87' lang='lat' dir='ltr'>unum</span> <span class='ocrx_word' id='word_1_41' title='bbox 1305 1121 1483 1203; x_wconf 77' lang='lat' dir='ltr'>cocenim,</span> 
     </span>
     <span class='ocr_line' id='line_1_9' title="bbox 347 1145 1482 1304; baseline -0.005 -24"><span class='ocrx_word' id='word_1_42' title='bbox 347 1211 456 1280; x_wconf 69' lang='lat' dir='ltr'>rnolim</span> <span class='ocrx_word' id='word_1_43' title='bbox 479 1211 788 1304; x_wconf 84' lang='lat' dir='ltr'>apudquemquam</span> <span class='ocrx_word' id='word_1_44' title='bbox 817 1208 851 1274; x_wconf 92' lang='lat' dir='ltr'>in</span> <span class='ocrx_word' id='word_1_45' title='bbox 874 1207 1033 1276; x_wconf 88' lang='lat' dir='ltr'>obscurae</span> <span class='ocrx_word' id='word_1_46' title='bbox 1056 1202 1243 1295; x_wconf 70' lang='lat' dir='ltr'>diligentiae</span> <span class='ocrx_word' id='word_1_47' title='bbox 1272 1211 1323 1286; x_wconf 90' lang='lat' dir='ltr'>(ut</span> <span class='ocrx_word' id='word_1_48' title='bbox 1345 1145 1400 1276; x_wconf 76' lang='lat' dir='ltr'>ilie</span> <span class='ocrx_word' id='word_1_49' title='bbox 1423 1210 1482 1285; x_wconf 75' lang='lat' dir='ltr'>ait)</span> 
     </span>
     <span class='ocr_line' id='line_1_10' title="bbox 351 1287 1480 1389; baseline -0.004 -24"><span class='ocrx_word' id='word_1_50' title='bbox 351 1287 551 1389; x_wconf 84' lang='lat' dir='ltr'>vituperium</span> <span class='ocrx_word' id='word_1_51' title='bbox 584 1298 764 1378; x_wconf 86' lang='lat' dir='ltr'>incurram,</span> <span class='ocrx_word' id='word_1_52' title='bbox 802 1318 902 1384; x_wconf 87' lang='lat' dir='ltr'>quam</span> <span class='ocrx_word' id='word_1_53' title='bbox 935 1294 1138 1384; x_wconf 82' lang='lat' dir='ltr'>fructuosam</span> <span class='ocrx_word' id='word_1_54' title='bbox 1165 1293 1237 1360; x_wconf 90' lang='lat' dir='ltr'>fore</span> <span class='ocrx_word' id='word_1_55' title='bbox 1265 1293 1480 1386; x_wconf 78' lang='lat' dir='ltr'>disputationi</span> 
     </span>
     <span class='ocr_line' id='line_1_11' title="bbox 329 1375 1478 1474; baseline -0.006 -23"><span class='ocrx_word' id='word_1_56' title='bbox 329 1383 445 1451; x_wconf 71' lang='lat' dir='ltr'>‘meae</span> <span class='ocrx_word' id='word_1_57' title='bbox 472 1385 517 1450; x_wconf 92' lang='lat' dir='ltr'>ita</span> <span class='ocrx_word' id='word_1_58' title='bbox 545 1383 625 1450; x_wconf 91' lang='lat' dir='ltr'>mihi</span> <span class='ocrx_word' id='word_1_59' title='bbox 648 1381 812 1474; x_wconf 82' lang='lat' dir='ltr'>persuasi,</span> <span class='ocrx_word' id='word_1_60' title='bbox 846 1391 971 1447; x_wconf 93' lang='lat' dir='ltr'>utnon</span> <span class='ocrx_word' id='word_1_61' title='bbox 994 1375 1108 1452; x_wconf 86' lang='lat' dir='ltr'>videar</span> <span class='ocrx_word' id='word_1_62' title='bbox 1130 1381 1171 1446; x_wconf 90' lang='lat' dir='ltr'>ab</span> <span class='ocrx_word' id='word_1_63' title='bbox 1194 1405 1232 1447; x_wconf 88' lang='lat' dir='ltr'>ea</span> <span class='ocrx_word' id='word_1_64' title='bbox 1256 1376 1411 1472; x_wconf 82' lang='lat' dir='ltr'>opinione</span> <span class='ocrx_word' id='word_1_65' title='bbox 1434 1380 1478 1446; x_wconf 89' lang='lat' dir='ltr'>di-</span> 
     </span>
     <span class='ocr_line' id='line_1_12' title="bbox 349 1465 1479 1562; baseline -0.004 -25"><span class='ocrx_word' id='word_1_66' title='bbox 349 1469 429 1537; x_wconf 87' lang='lat' dir='ltr'>velli</span> <span class='ocrx_word' id='word_1_67' title='bbox 451 1493 561 1560; x_wconf 89' lang='lat' dir='ltr'>posse.</span> <span class='ocrx_word' id='word_1_68' title='bbox 606 1467 821 1554; x_wconf 75' lang='lat' dir='ltr'>Quidenim?</span> <span class='ocrx_word' id='word_1_69' title='bbox 843 1469 905 1534; x_wconf 90' lang='lat' dir='ltr'>ista</span> <span class='ocrx_word' id='word_1_70' title='bbox 927 1477 995 1532; x_wconf 86' lang='lat' dir='ltr'>tam</span> <span class='ocrx_word' id='word_1_71' title='bbox 1019 1467 1122 1543; x_wconf 87' lang='lat' dir='ltr'>multa</span> <span class='ocrx_word' id='word_1_72' title='bbox 1170 1466 1202 1532; x_wconf 94' lang='lat' dir='ltr'>oi</span> <span class='ocrx_word' id='word_1_73' title='bbox 1224 1465 1307 1533; x_wconf 89' lang='lat' dir='ltr'>liber</span> <span class='ocrx_word' id='word_1_74' title='bbox 1328 1467 1479 1562; x_wconf 59' lang='lat' dir='ltr'>a-bpomni</span> 
     </span>
     <span class='ocr_line' id='line_1_13' title="bbox 348 1491 1480 1646; baseline -0.004 -24"><span class='ocrx_word' id='word_1_75' title='bbox 348 1555 572 1646; x_wconf 85' lang='lat' dir='ltr'>praejudicata</span> <span class='ocrx_word' id='word_1_76' title='bbox 596 1555 750 1646; x_wconf 87' lang='lat' dir='ltr'>opinione</span> <span class='ocrx_word' id='word_1_77' title='bbox 773 1563 925 1640; x_wconf 78' lang='lat' dir='ltr'>accurate</span> <span class='ocrx_word' id='word_1_78' title='bbox 948 1491 1200 1644; x_wconf 78' lang='lat' dir='ltr'>couternplaldr‚</span> <span class='ocrx_word' id='word_1_79' title='bbox 1222 1552 1279 1644; x_wconf 92' lang='lat' dir='ltr'>qui</span> <span class='ocrx_word' id='word_1_80' title='bbox 1294 1555 1480 1646; x_wconf 74' lang='lat' dir='ltr'>poteritse·</span> 
     </span>
     <span class='ocr_line' id='line_1_14' title="bbox 349 1637 1482 1731; baseline -0.002 -23"><span class='ocrx_word' id='word_1_81' title='bbox 349 1641 401 1708; x_wconf 89' lang='lat' dir='ltr'>rio</span> <span class='ocrx_word' id='word_1_82' title='bbox 424 1651 578 1719; x_wconf 78' lang='lat' dir='ltr'>statuere,</span> <span class='ocrx_word' id='word_1_83' title='bbox 601 1665 621 1706; x_wconf 87' lang='lat' dir='ltr'>a</span> <span class='ocrx_word' id='word_1_84' title='bbox 643 1637 827 1706; x_wconf 90' lang='lat' dir='ltr'>scholiastis</span> <span class='ocrx_word' id='word_1_85' title='bbox 851 1638 1014 1726; x_wconf 84' lang='lat' dir='ltr'>ejusmodi</span> <span class='ocrx_word' id='word_1_86' title='bbox 1030 1641 1301 1730; x_wconf 89' lang='lat' dir='ltr'>provocationum</span> <span class='ocrx_word' id='word_1_87' title='bbox 1319 1639 1482 1731; x_wconf 75' lang='lat' dir='ltr'>originem</span> 
     </span>
     <span class='ocr_line' id='line_1_15' title="bbox 350 1721 1481 1818; baseline -0.001 -25"><span class='ocrx_word' id='word_1_88' title='bbox 350 1750 427 1794; x_wconf 90' lang='lat' dir='ltr'>esse</span> <span class='ocrx_word' id='word_1_89' title='bbox 449 1726 680 1818; x_wconf 86' lang='lat' dir='ltr'>repetendam,</span> <span class='ocrx_word' id='word_1_90' title='bbox 702 1749 842 1814; x_wconf 80' lang='lat' dir='ltr'>quorrnn</span> <span class='ocrx_word' id='word_1_91' title='bbox 865 1723 1051 1814; x_wconf 82' lang='lat' dir='ltr'>diligentia,</span> <span class='ocrx_word' id='word_1_92' title='bbox 1078 1724 1106 1790; x_wconf 93' lang='lat' dir='ltr'>si</span> <span class='ocrx_word' id='word_1_93' title='bbox 1128 1721 1192 1814; x_wconf 68' lang='lat' dir='ltr'>(pua</span> <span class='ocrx_word' id='word_1_94' title='bbox 1216 1735 1300 1804; x_wconf 85' lang='lat' dir='ltr'>erat,</span> <span class='ocrx_word' id='word_1_95' title='bbox 1316 1751 1390 1793; x_wconf 84' lang='lat' dir='ltr'>non</span> <span class='ocrx_word' id='word_1_96' title='bbox 1412 1735 1481 1794; x_wconf 87' lang='lat' dir='ltr'>tam</span> 
     </span>
     <span class='ocr_line' id='line_1_16' title="bbox 350 1809 1480 1903; baseline 0.001 -25"><span class='ocrx_word' id='word_1_97' title='bbox 350 1814 386 1880; x_wconf 93' lang='lat' dir='ltr'>in</span> <span class='ocrx_word' id='word_1_98' title='bbox 408 1811 793 1900; x_wconf 18' lang='lat' dir='ltr'>aliorumgsucc‘urrendo</span> <span class='ocrx_word' id='word_1_99' title='bbox 824 1811 1002 1876; x_wconf 84' lang='lat' dir='ltr'>memoriae</span> <span class='ocrx_word' id='word_1_100' title='bbox 1025 1811 1156 1901; x_wconf 81' lang='lat' dir='ltr'>placere</span> <span class='ocrx_word' id='word_1_101' title='bbox 1184 1809 1245 1878; x_wconf 91' lang='lat' dir='ltr'>sibi</span> <span class='ocrx_word' id='word_1_102' title='bbox 1268 1811 1393 1903; x_wconf 92' lang='lat' dir='ltr'>potuit,</span> <span class='ocrx_word' id='word_1_103' title='bbox 1421 1811 1480 1881; x_wconf 91' lang='lat' dir='ltr'>sed</span> 
     </span>
     <span class='ocr_line' id='line_1_17' title="bbox 351 1893 1483 1990; baseline 0 -26"><span class='ocrx_word' id='word_1_104' title='bbox 351 1897 391 1965; x_wconf 89' lang='lat' dir='ltr'>iis</span> <span class='ocrx_word' id='word_1_105' title='bbox 413 1899 493 1990; x_wconf 92' lang='lat' dir='ltr'>ipsis</span> <span class='ocrx_word' id='word_1_106' title='bbox 517 1893 736 1988; x_wconf 75' lang='lat' dir='ltr'>prospiciebat</span> <span class='ocrx_word' id='word_1_107' title='bbox 750 1897 836 1972; x_wconf 80' lang='lat' dir='ltr'>¹solis</span> <span class='ocrx_word' id='word_1_108' title='bbox 859 1895 979 1985; x_wconf 92' lang='lat' dir='ltr'>quibus</span> <span class='ocrx_word' id='word_1_109' title='bbox 1002 1895 1113 1963; x_wconf 88' lang='lat' dir='ltr'>innata</span> <span class='ocrx_word' id='word_1_110' title='bbox 1136 1909 1215 1976; x_wconf 91' lang='lat' dir='ltr'>erat,</span> <span class='ocrx_word' id='word_1_111' title='bbox 1237 1897 1258 1964; x_wconf 92' lang='lat' dir='ltr'>i.</span> <span class='ocrx_word' id='word_1_112' title='bbox 1276 1923 1304 1964; x_wconf 87' lang='lat' dir='ltr'>e.</span> <span class='ocrx_word' id='word_1_113' title='bbox 1326 1899 1359 1964; x_wconf 93' lang='lat' dir='ltr'>in</span> <span class='ocrx_word' id='word_1_114' title='bbox 1382 1923 1483 1966; x_wconf 88' lang='lat' dir='ltr'>snum</span> 
     </span>
     <span class='ocr_line' id='line_1_18' title="bbox 346 1979 1479 2076; baseline 0.003 -28"><span class='ocrx_word' id='word_1_115' title='bbox 346 1983 519 2076; x_wconf 89' lang='lat' dir='ltr'>proprium</span> <span class='ocrx_word' id='word_1_116' title='bbox 542 2007 640 2053; x_wconf 90' lang='lat' dir='ltr'>usum</span> <span class='ocrx_word' id='word_1_117' title='bbox 661 1981 857 2066; x_wconf 76' lang='lat' dir='ltr'>scholiastae</span> <span class='ocrx_word' id='word_1_118' title='bbox 880 1983 1081 2073; x_wconf 83' lang='lat' dir='ltr'>scripserunt</span> <span class='ocrx_word' id='word_1_119' title='bbox 1104 1983 1223 2072; x_wconf 89' lang='lat' dir='ltr'>magis,</span> <span class='ocrx_word' id='word_1_120' title='bbox 1245 1979 1344 2074; x_wconf 84' lang='lat' dir='ltr'>quarn</span> <span class='ocrx_word' id='word_1_121' title='bbox 1368 1979 1479 2052; x_wconf 79' lang='lat' dir='ltr'>adilo-</span> 
     </span>
     <span class='ocr_line' id='line_1_19' title="bbox 352 2059 1481 2162; baseline -0.001 -25"><span class='ocrx_word' id='word_1_122' title='bbox 352 2071 476 2138; x_wconf 90' lang='lat' dir='ltr'>cendos</span> <span class='ocrx_word' id='word_1_123' title='bbox 498 2068 579 2136; x_wconf 90' lang='lat' dir='ltr'>alios</span> <span class='ocrx_word' id='word_1_124' title='bbox 597 2069 640 2153; x_wconf 88' lang='lat'>¹);</span> <span class='ocrx_word' id='word_1_125' title='bbox 663 2079 702 2160; x_wconf 87' lang='lat' dir='ltr'>ut</span> <span class='ocrx_word' id='word_1_126' title='bbox 722 2079 772 2134; x_wconf 91' lang='lat' dir='ltr'>ter</span> <span class='ocrx_word' id='word_1_127' title='bbox 793 2079 949 2158; x_wconf 90' lang='lat' dir='ltr'>quaterve</span> <span class='ocrx_word' id='word_1_128' title='bbox 967 2059 1102 2160; x_wconf 88' lang='lat' dir='ltr'>quidem</span> <span class='ocrx_word' id='word_1_129' title='bbox 1124 2093 1182 2136; x_wconf 90' lang='lat' dir='ltr'>eos</span> <span class='ocrx_word' id='word_1_130' title='bbox 1204 2079 1310 2138; x_wconf 90' lang='lat' dir='ltr'>semet</span> <span class='ocrx_word' id='word_1_131' title='bbox 1323 2067 1422 2162; x_wconf 84' lang='lat' dir='ltr'>&#39;ipsos</span> <span class='ocrx_word' id='word_1_132' title='bbox 1438 2071 1481 2136; x_wconf 90' lang='lat' dir='ltr'>ad</span> 
     </span>
     <span class='ocr_line' id='line_1_20' title="bbox 348 2155 1480 2246; baseline -0.001 -23"><span class='ocrx_word' id='word_1_133' title='bbox 348 2157 448 2224; x_wconf 90' lang='lat' dir='ltr'>aliam</span> <span class='ocrx_word' id='word_1_134' title='bbox 473 2155 735 2222; x_wconf 88' lang='lat' dir='ltr'>observationem</span> <span class='ocrx_word' id='word_1_135' title='bbox 758 2155 799 2222; x_wconf 90' lang='lat' dir='ltr'>ab</span> <span class='ocrx_word' id='word_1_136' title='bbox 815 2155 895 2244; x_wconf 91' lang='lat' dir='ltr'>ipsis</span> <span class='ocrx_word' id='word_1_137' title='bbox 919 2155 997 2221; x_wconf 91' lang='lat' dir='ltr'>alibi</span> <span class='ocrx_word' id='word_1_138' title='bbox 1012 2155 1214 2246; x_wconf 85' lang='lat' dir='ltr'>propositam</span> <span class='ocrx_word' id='word_1_139' title='bbox 1232 2156 1398 2230; x_wconf 83' lang='lat' dir='ltr'>remisisse</span> <span class='ocrx_word' id='word_1_140' title='bbox 1413 2179 1480 2223; x_wconf 84' lang='lat' dir='ltr'>cre-</span> 
     </span>
     <span class='ocr_line' id='line_1_21' title="bbox 348 2233 1480 2343; baseline 0 -35"><span class='ocrx_word' id='word_1_141' title='bbox 348 2233 451 2310; x_wconf 92' lang='lat' dir='ltr'>dibile</span> <span class='ocrx_word' id='word_1_142' title='bbox 472 2241 530 2318; x_wconf 90' lang='lat' dir='ltr'>sit,</span> <span class='ocrx_word' id='word_1_143' title='bbox 560 2243 618 2310; x_wconf 90' lang='lat' dir='ltr'>sed</span> <span class='ocrx_word' id='word_1_144' title='bbox 643 2265 708 2308; x_wconf 92' lang='lat' dir='ltr'>non</span> <span class='ocrx_word' id='word_1_145' title='bbox 732 2241 945 2331; x_wconf 87' lang='lat' dir='ltr'>quadraginta</span> <span class='ocrx_word' id='word_1_146' title='bbox 967 2241 1108 2343; x_wconf 87' lang='lat' dir='ltr'>amptius</span> <span class='ocrx_word' id='word_1_147' title='bbox 1130 2241 1229 2320; x_wconf 90' lang='lat' dir='ltr'>locis,</span> <span class='ocrx_word' id='word_1_148' title='bbox 1259 2239 1323 2312; x_wconf 75' lang='lat' dir='ltr'>nec&#39;</span> <span class='ocrx_word' id='word_1_149' title='bbox 1343 2241 1480 2332; x_wconf 90' lang='lat' dir='ltr'>cogitari</span> 
     </span>
     <span class='ocr_line' id='line_1_22' title="bbox 348 2325 1490 2418; baseline -0.001 -24"><span class='ocrx_word' id='word_1_150' title='bbox 348 2329 447 2396; x_wconf 82' lang='lat' dir='ltr'>facile</span> <span class='ocrx_word' id='word_1_151' title='bbox 460 2327 586 2418; x_wconf 87' lang='lat' dir='ltr'>possit,</span> <span class='ocrx_word' id='word_1_152' title='bbox 609 2327 644 2394; x_wconf 89' lang='lat' dir='ltr'>in</span> <span class='ocrx_word' id='word_1_153' title='bbox 667 2327 749 2394; x_wconf 80' lang='lat' dir='ltr'>diras</span> <span class='ocrx_word' id='word_1_154' title='bbox 772 2337 883 2418; x_wconf 88' lang='lat' dir='ltr'>partes</span> <span class='ocrx_word' id='word_1_155' title='bbox 905 2325 1004 2413; x_wconf 87' lang='lat' dir='ltr'>longo</span> <span class='ocrx_word' id='word_1_156' title='bbox 1020 2328 1193 2394; x_wconf 81' lang='lat' dir='ltr'>mtervallo</span> <span class='ocrx_word' id='word_1_157' title='bbox 1210 2327 1389 2417; x_wconf 85' lang='lat' dir='ltr'>disjunctas</span> <span class='ocrx_word' id='word_1_158' title='bbox 1405 2331 1490 2400; x_wconf 86' lang='lat' dir='ltr'>ean-&#39;</span> 
     </span>
     <span class='ocr_line' id='line_1_23' title="bbox 349 2413 1479 2506; baseline -0.001 -24"><span class='ocrx_word' id='word_1_159' title='bbox 349 2415 425 2484; x_wconf 87' lang='lat' dir='ltr'>dem</span> <span class='ocrx_word' id='word_1_160' title='bbox 449 2439 509 2482; x_wconf 91' lang='lat' dir='ltr'>eos</span> <span class='ocrx_word' id='word_1_161' title='bbox 533 2415 797 2480; x_wconf 90' lang='lat' dir='ltr'>observationem</span> <span class='ocrx_word' id='word_1_162' title='bbox 813 2413 1000 2506; x_wconf 87' lang='lat' dir='ltr'>dispescere</span> <span class='ocrx_word' id='word_1_163' title='bbox 1018 2413 1190 2492; x_wconf 86' lang='lat' dir='ltr'>maluisse,</span> <span class='ocrx_word' id='word_1_164' title='bbox 1211 2438 1311 2502; x_wconf 91' lang='lat' dir='ltr'>quam</span> <span class='ocrx_word' id='word_1_165' title='bbox 1326 2417 1359 2500; x_wconf 80' lang='lat' dir='ltr'>in</span> <span class='ocrx_word' id='word_1_166' title='bbox 1375 2439 1479 2481; x_wconf 90' lang='lat' dir='ltr'>unum</span> 
     </span>
     <span class='ocr_line' id='line_1_24' title="bbox 347 2487 1479 2592; baseline 0 -24"><span class='ocrx_word' id='word_1_167' title='bbox 347 2501 460 2568; x_wconf 88' lang='lat' dir='ltr'>locum</span> <span class='ocrx_word' id='word_1_168' title='bbox 483 2511 588 2568; x_wconf 90' lang='lat' dir='ltr'>totam</span> <span class='ocrx_word' id='word_1_169' title='bbox 603 2491 737 2587; x_wconf 75' lang='lat' dir='ltr'>eogere:</span> <span class='ocrx_word' id='word_1_170' title='bbox 760 2487 882 2589; x_wconf 83' lang='lat' dir='ltr'>quippe</span> <span class='ocrx_word' id='word_1_171' title='bbox 898 2497 1101 2576; x_wconf 70' lang='lat' dir='ltr'>tractatione</span> <span class='ocrx_word' id='word_1_172' title='bbox 1117 2523 1196 2566; x_wconf 90' lang='lat' dir='ltr'>suae</span> <span class='ocrx_word' id='word_1_173' title='bbox 1212 2499 1356 2581; x_wconf 65' lang='lat' dir='ltr'>utilitati,</span> <span class='ocrx_word' id='word_1_174' title='bbox 1378 2523 1479 2592; x_wconf 89' lang='lat' dir='ltr'>quam</span> 
     </span>
     <span class='ocr_line' id='line_1_25' title="bbox 346 2585 1477 2676; baseline -0.001 -23"><span class='ocrx_word' id='word_1_175' title='bbox 346 2588 444 2654; x_wconf 90' lang='lat' dir='ltr'>unice</span> <span class='ocrx_word' id='word_1_176' title='bbox 466 2586 687 2664; x_wconf 85' lang='lat' dir='ltr'>sectabantur,</span> <span class='ocrx_word' id='word_1_177' title='bbox 712 2585 957 2674; x_wconf 85' lang='lat' dir='ltr'>prospiciebant</span> <span class='ocrx_word' id='word_1_178' title='bbox 978 2586 1113 2676; x_wconf 85' lang='lat' dir='ltr'>optime,</span> <span class='ocrx_word' id='word_1_179' title='bbox 1135 2585 1189 2650; x_wconf 86' lang='lat' dir='ltr'>illa</span> <span class='ocrx_word' id='word_1_180' title='bbox 1208 2586 1477 2654; x_wconf 72' lang='lat' dir='ltr'>minimeconsu·</span> 
     </span>
     <span class='ocr_line' id='line_1_26' title="bbox 320 2668 1475 2762; baseline -0.002 -22"><span class='ocrx_word' id='word_1_181' title='bbox 320 2691 325 2706; x_wconf 87' lang='lat'><strong>·</strong></span> <span class='ocrx_word' id='word_1_182' title='bbox 349 2673 472 2747; x_wconf 87' lang='lat' dir='ltr'>lebant,</span> <span class='ocrx_word' id='word_1_183' title='bbox 498 2671 556 2736; x_wconf 90' lang='lat' dir='ltr'>sed</span> <span class='ocrx_word' id='word_1_184' title='bbox 572 2671 705 2736; x_wconf 87' lang='lat' dir='ltr'>sibimet</span> <span class='ocrx_word' id='word_1_185' title='bbox 718 2671 953 2760; x_wconf 88' lang='lat' dir='ltr'>impedimenta</span> <span class='ocrx_word' id='word_1_186' title='bbox 969 2671 1181 2741; x_wconf 83' lang='lat' dir='ltr'>obstruebant</span> <span class='ocrx_word' id='word_1_187' title='bbox 1196 2668 1270 2762; x_wconf 91' lang='lat' dir='ltr'>ipsi.</span> <span class='ocrx_word' id='word_1_188' title='bbox 1290 2711 1334 2724; x_wconf 87' lang='lat'>—-</span> <span class='ocrx_word' id='word_1_189' title='bbox 1360 2671 1475 2752; x_wconf 89' lang='lat' dir='ltr'>Porro,</span> 
     </span>
     <span class='ocr_line' id='line_1_27' title="bbox 347 2755 1563 2848; baseline 0 -24"><span class='ocrx_word' id='word_1_190' title='bbox 347 2781 548 2848; x_wconf 90' lang='lat' dir='ltr'>quacunque</span> <span class='ocrx_word' id='word_1_191' title='bbox 570 2758 702 2823; x_wconf 90' lang='lat' dir='ltr'>tandem</span> <span class='ocrx_word' id='word_1_192' title='bbox 727 2767 835 2822; x_wconf 88' lang='lat' dir='ltr'>aetate</span> <span class='ocrx_word' id='word_1_193' title='bbox 859 2755 1009 2824; x_wconf 84' lang='lat' dir='ltr'>vixerunt</span> <span class='ocrx_word' id='word_1_194' title='bbox 1023 2757 1079 2847; x_wconf 91' lang='lat' dir='ltr'>qui</span> <span class='ocrx_word' id='word_1_195' title='bbox 1094 2757 1190 2847; x_wconf 90' lang='lat' dir='ltr'>primi</span> <span class='ocrx_word' id='word_1_196' title='bbox 1205 2757 1328 2824; x_wconf 89' lang='lat' dir='ltr'>scholia</span> <span class='ocrx_word' id='word_1_197' title='bbox 1344 2759 1386 2824; x_wconf 93' lang='lat' dir='ltr'>ad</span> <span class='ocrx_word' id='word_1_198' title='bbox 1401 2782 1474 2826; x_wconf 92' lang='lat' dir='ltr'>con·</span> <span class='ocrx_word' id='word_1_199' title='bbox 1560 2823 1563 2842; x_wconf 67' lang='grc'><em>,</em></span> 
     </span>
     <span class='ocr_line' id='line_1_28' title="bbox 346 2842 1474 2932; baseline 0.001 -23"><span class='ocrx_word' id='word_1_200' title='bbox 346 2855 458 2912; x_wconf 83' lang='lat' dir='ltr'>textus</span> <span class='ocrx_word' id='word_1_201' title='bbox 480 2867 571 2910; x_wconf 92' lang='lat' dir='ltr'>oram</span> <span class='ocrx_word' id='word_1_202' title='bbox 598 2842 781 2911; x_wconf 88' lang='lat' dir='ltr'>adscribere</span> <span class='ocrx_word' id='word_1_203' title='bbox 804 2853 1000 2932; x_wconf 89' lang='lat' dir='ltr'>coeperunt,</span> <span class='ocrx_word' id='word_1_204' title='bbox 1023 2883 1066 2891; x_wconf 87' lang='lat'>—</span> <span class='ocrx_word' id='word_1_205' title='bbox 1091 2867 1190 2932; x_wconf 89' lang='lat' dir='ltr'>quam</span> <span class='ocrx_word' id='word_1_206' title='bbox 1212 2854 1355 2924; x_wconf 83' lang='lat' dir='ltr'>aetatem</span> <span class='ocrx_word' id='word_1_207' title='bbox 1376 2868 1474 2912; x_wconf 90' lang='lat' dir='ltr'>nemo</span> 
     </span>
     <span class='ocr_line' id='line_1_29' title="bbox 347 2923 1475 3020; baseline 0.001 -24"><span class='ocrx_word' id='word_1_208' title='bbox 347 2930 444 2996; x_wconf 84' lang='lat' dir='ltr'>facile</span> <span class='ocrx_word' id='word_1_209' title='bbox 466 2923 584 3018; x_wconf 88' lang='lat' dir='ltr'>quovis</span> <span class='ocrx_word' id='word_1_210' title='bbox 612 2929 747 3020; x_wconf 91' lang='lat' dir='ltr'>pignore</span> <span class='ocrx_word' id='word_1_211' title='bbox 776 2929 954 2996; x_wconf 84' lang='lat' dir='ltr'>contendat</span> <span class='ocrx_word' id='word_1_212' title='bbox 980 2928 1077 2998; x_wconf 88' lang='lat' dir='ltr'>nimis</span> <span class='ocrx_word' id='word_1_213' title='bbox 1101 2930 1268 3018; x_wconf 83' lang='lat' dir='ltr'>antiquam</span> <span class='ocrx_word' id='word_1_214' title='bbox 1292 2929 1411 3013; x_wconf 81' lang='lat' dir='ltr'>fuisse,</span> <span class='ocrx_word' id='word_1_215' title='bbox 1431 2969 1475 2982; x_wconf 82' lang='lat'>--</span> 
     </span>
     <span class='ocr_line' id='line_1_30' title="bbox 347 3014 1475 3104; baseline 0.002 -24"><span class='ocrx_word' id='word_1_216' title='bbox 347 3027 441 3083; x_wconf 91' lang='lat' dir='ltr'>estne</span> <span class='ocrx_word' id='word_1_217' title='bbox 471 3014 574 3104; x_wconf 86' lang='lat' dir='ltr'>magis</span> <span class='ocrx_word' id='word_1_218' title='bbox 603 3014 780 3091; x_wconf 88' lang='lat' dir='ltr'>credibile,</span> <span class='ocrx_word' id='word_1_219' title='bbox 813 3014 1006 3094; x_wconf 82' lang='lat' dir='ltr'>scholiastes</span> <span class='ocrx_word' id='word_1_220' title='bbox 1028 3026 1082 3082; x_wconf 88' lang='lat' dir='ltr'>tot</span> <span class='ocrx_word' id='word_1_221' title='bbox 1103 3017 1157 3083; x_wconf 90' lang='lat' dir='ltr'>vel</span> <span class='ocrx_word' id='word_1_222' title='bbox 1179 3025 1324 3084; x_wconf 88' lang='lat' dir='ltr'>servatas</span> <span class='ocrx_word' id='word_1_223' title='bbox 1338 3016 1399 3082; x_wconf 91' lang='lat' dir='ltr'>·vel</span> <span class='ocrx_word' id='word_1_224' title='bbox 1421 3017 1475 3082; x_wconf 89' lang='lat' dir='ltr'>de·</span> 
     </span>
     <span class='ocr_line' id='line_1_31' title="bbox 346 3097 1474 3196; baseline 0.003 -31"><span class='ocrx_word' id='word_1_225' title='bbox 346 3101 491 3194; x_wconf 87' lang='lat' dir='ltr'>perditas</span> <span class='ocrx_word' id='word_1_226' title='bbox 519 3101 618 3167; x_wconf 91' lang='lat' dir='ltr'>hodie</span> <span class='ocrx_word' id='word_1_227' title='bbox 642 3102 747 3168; x_wconf 85' lang='lat' dir='ltr'>Aristo</span> <span class='ocrx_word' id='word_1_228' title='bbox 776 3097 871 3166; x_wconf 89' lang='lat' dir='ltr'>banis</span> <span class='ocrx_word' id='word_1_229' title='bbox 896 3101 1020 3167; x_wconf 87' lang='lat' dir='ltr'>l&#39;abulas</span> <span class='ocrx_word' id='word_1_230' title='bbox 1042 3100 1162 3190; x_wconf 88' lang='lat' dir='ltr'>legisse</span> <span class='ocrx_word' id='word_1_231' title='bbox 1189 3112 1224 3167; x_wconf 93' lang='lat' dir='ltr'>et</span> <span class='ocrx_word' id='word_1_232' title='bbox 1244 3097 1474 3196; x_wconf 79' lang='lat' dir='ltr'>interpretatos</span> 
     </span>
     <span class='ocr_line' id='line_1_32' title="bbox 347 3126 1474 3280; baseline 0 -26"><span class='ocrx_word' id='word_1_233' title='bbox 347 3211 437 3268; x_wconf 84' lang='lat' dir='ltr'>esse,</span> <span class='ocrx_word' id='word_1_234' title='bbox 466 3211 566 3278; x_wconf 90' lang='lat' dir='ltr'>quam</span> <span class='ocrx_word' id='word_1_235' title='bbox 590 3187 725 3254; x_wconf 86' lang='lat' dir='ltr'>eosdem</span> <span class='ocrx_word' id='word_1_236' title='bbox 748 3126 921 3278; x_wconf 67' lang='lat' dir='ltr'>hupolidis</span> <span class='ocrx_word' id='word_1_237' title='bbox 945 3209 1093 3276; x_wconf 87' lang='lat' dir='ltr'>quoque,</span> <span class='ocrx_word' id='word_1_238' title='bbox 1122 3183 1247 3254; x_wconf 78' lang='lat' dir='ltr'>Cratini</span> <span class='ocrx_word' id='word_1_239' title='bbox 1271 3185 1474 3280; x_wconf 88' lang='lat' dir='ltr'>aliorumque</span> 
     </span>
     <span class='ocr_line' id='line_1_33' title="bbox 345 3271 1505 3364; baseline -0.001 -25"><span class='ocrx_word' id='word_1_240' title='bbox 345 3298 412 3340; x_wconf 90' lang='lat' dir='ltr'>non</span> <span class='ocrx_word' id='word_1_241' title='bbox 436 3274 640 3343; x_wconf 88' lang='lat' dir='ltr'>comicorum</span> <span class='ocrx_word' id='word_1_242' title='bbox 663 3271 781 3354; x_wconf 83' lang='lat' dir='ltr'>solum,</span> <span class='ocrx_word' id='word_1_243' title='bbox 802 3274 864 3338; x_wconf 86' lang='lat' dir='ltr'>sed</span> <span class='ocrx_word' id='word_1_244' title='bbox 887 3283 1071 3340; x_wconf 85' lang='lat' dir='ltr'>ceterorum</span> <span class='ocrx_word' id='word_1_245' title='bbox 1095 3276 1194 3341; x_wconf 89' lang='lat' dir='ltr'>etiarn</span> <span class='ocrx_word' id='word_1_246' title='bbox 1209 3274 1404 3364; x_wconf 87' lang='lat' dir='ltr'>scriptorum</span> <span class='ocrx_word' id='word_1_247' title='bbox 1418 3297 1473 3350; x_wconf 81' lang='lat' dir='ltr'>an·</span> <span class='ocrx_word' id='word_1_248' title='bbox 1489 3285 1505 3304; x_wconf 61' lang='lat'>&#39;¹</span> 
     </span>
     <span class='ocr_line' id='line_1_34' title="bbox 344 3357 1474 3452; baseline -0.001 -26"><span class='ocrx_word' id='word_1_249' title='bbox 344 3359 608 3450; x_wconf 87' lang='lat' dir='ltr'>tiquissimorum</span> <span class='ocrx_word' id='word_1_250' title='bbox 631 3359 687 3450; x_wconf 90' lang='lat' dir='ltr'>qui</span> <span class='ocrx_word' id='word_1_251' title='bbox 716 3359 749 3425; x_wconf 91' lang='lat' dir='ltr'>in</span> <span class='ocrx_word' id='word_1_252' title='bbox 772 3357 905 3428; x_wconf 83' lang='lat' dir='ltr'>scholiis</span> <span class='ocrx_word' id='word_1_253' title='bbox 934 3361 1075 3428; x_wconf 86' lang='lat' dir='ltr'>citantur</span> <span class='ocrx_word' id='word_1_254' title='bbox 1101 3383 1201 3452; x_wconf 90' lang='lat' dir='ltr'>opera</span> <span class='ocrx_word' id='word_1_255' title='bbox 1222 3360 1351 3428; x_wconf 85' lang='lat' dir='ltr'>trivisse</span> <span class='ocrx_word' id='word_1_256' title='bbox 1373 3363 1474 3428; x_wconf 90' lang='lat' dir='ltr'>mani-</span> 
     </span>
    </p>
   </div>
   <div class='ocr_carea' id='block_1_6' title="bbox 342 3517 1480 4560">
    <p class='ocr_par' dir='ltr' id='par_1_6' title="bbox 342 3517 1480 4560">
     <span class='ocr_line' id='line_1_35' title="bbox 402 3517 1473 3603; baseline 0.002 -21"><span class='ocrx_word' id='word_1_257' title='bbox 402 3517 440 3594; x_wconf 88' lang='grc' dir='ltr'>Ι1)</span> <span class='ocrx_word' id='word_1_258' title='bbox 464 3527 554 3584; x_wconf 84' lang='lat' dir='ltr'>Semel</span> <span class='ocrx_word' id='word_1_259' title='bbox 572 3528 706 3584; x_wconf 88' lang='lat' dir='ltr'>monuisse</span> <span class='ocrx_word' id='word_1_260' title='bbox 724 3529 790 3584; x_wconf 88' lang='lat' dir='ltr'>satis</span> <span class='ocrx_word' id='word_1_261' title='bbox 807 3537 862 3592; x_wconf 88' lang='lat' dir='ltr'>est,</span> <span class='ocrx_word' id='word_1_262' title='bbox 888 3527 1039 3603; x_wconf 83' lang='lat' dir='ltr'>ubicunque</span> <span class='ocrx_word' id='word_1_263' title='bbox 1059 3527 1092 3582; x_wconf 89' lang='lat' dir='ltr'>de</span> <span class='ocrx_word' id='word_1_264' title='bbox 1110 3527 1260 3586; x_wconf 81' lang='lat' dir='ltr'>scholiis</span> <span class='ocrx_word' id='word_1_265' title='bbox 1281 3540 1308 3586; x_wconf 88' lang='lat' dir='ltr'>et</span> <span class='ocrx_word' id='word_1_266' title='bbox 1324 3527 1473 3586; x_wconf 85' lang='lat' dir='ltr'>scholia·</span> 
     </span>
     <span class='ocr_line' id='line_1_36' title="bbox 342 3595 1480 3680; baseline 0 -29"><span class='ocrx_word' id='word_1_267' title='bbox 342 3595 408 3670; x_wconf 85' lang='lat' dir='ltr'>stis</span> <span class='ocrx_word' id='word_1_268' title='bbox 431 3595 579 3680; x_wconf 70' lang='lat' dir='ltr'>loquimur,</span> <span class='ocrx_word' id='word_1_269' title='bbox 602 3615 693 3652; x_wconf 90' lang='lat' dir='ltr'>eornrn</span> <span class='ocrx_word' id='word_1_270' title='bbox 711 3617 759 3652; x_wconf 82' lang='lat' dir='ltr'>nos</span> <span class='ocrx_word' id='word_1_271' title='bbox 778 3595 930 3668; x_wconf 74' lang='lat' dir='ltr'>intelligere</span> <span class='ocrx_word' id='word_1_272' title='bbox 948 3595 1072 3660; x_wconf 84' lang='lat' dir='ltr'>labores,</span> <span class='ocrx_word' id='word_1_273' title='bbox 1096 3598 1143 3672; x_wconf 90' lang='lat' dir='ltr'>qui</span> <span class='ocrx_word' id='word_1_274' title='bbox 1162 3618 1230 3674; x_wconf 86' lang='lat' dir='ltr'>quaa</span> <span class='ocrx_word' id='word_1_275' title='bbox 1249 3597 1282 3654; x_wconf 89' lang='lat' dir='ltr'>ad</span> <span class='ocrx_word' id='word_1_276' title='bbox 1300 3599 1480 3675; x_wconf 63' lang='lat' dir='ltr'>interpretans.</span> 
     </span>
     <span class='ocr_line' id='line_1_37' title="bbox 347 3661 1474 3786; baseline 0.005 -68"><span class='ocrx_word' id='word_1_277' title='bbox 347 3661 411 3718; x_wconf 90' lang='lat' dir='ltr'>dum</span> <span class='ocrx_word' id='word_1_278' title='bbox 425 3673 584 3739; x_wconf 82' lang='lat' dir='ltr'>scriptorem</span> <span class='ocrx_word' id='word_1_279' title='bbox 597 3664 713 3786; x_wconf 79' lang='lat' dir='ltr'>aliqpern</span> <span class='ocrx_word' id='word_1_280' title='bbox 725 3665 807 3720; x_wconf 90' lang='lat' dir='ltr'>all&#39;ere</span> <span class='ocrx_word' id='word_1_281' title='bbox 846 3675 883 3732; x_wconf 87' lang='lat' dir='ltr'>nt,</span> <span class='ocrx_word' id='word_1_282' title='bbox 900 3663 1041 3722; x_wconf 88' lang='lat' dir='ltr'>undeunde</span> <span class='ocrx_word' id='word_1_283' title='bbox 1056 3663 1122 3719; x_wconf 90' lang='lat' dir='ltr'>haec</span> <span class='ocrx_word' id='word_1_284' title='bbox 1135 3666 1241 3722; x_wconf 85' lang='lat' dir='ltr'>luerunt</span> <span class='ocrx_word' id='word_1_285' title='bbox 1255 3667 1401 3744; x_wconf 85' lang='lat' dir='ltr'>depromta,</span> <span class='ocrx_word' id='word_1_286' title='bbox 1418 3685 1474 3724; x_wconf 83' lang='lat' dir='ltr'>nou</span> 
     </span>
     <span class='ocr_line' id='line_1_38' title="bbox 344 3731 1472 3812; baseline 0 -24"><span class='ocrx_word' id='word_1_287' title='bbox 344 3732 501 3808; x_wconf 86' lang='lat' dir='ltr'>inproprie</span> <span class='ocrx_word' id='word_1_288' title='bbox 519 3731 644 3806; x_wconf 84' lang='lat' dir='ltr'>aliquali</span> <span class='ocrx_word' id='word_1_289' title='bbox 667 3753 696 3788; x_wconf 92' lang='lat' dir='ltr'>ro</span> <span class='ocrx_word' id='word_1_290' title='bbox 714 3752 799 3808; x_wconf 86' lang='lat' dir='ltr'>eoque</span> <span class='ocrx_word' id='word_1_291' title='bbox 818 3743 874 3790; x_wconf 87' lang='lat' dir='ltr'>arte</span> <span class='ocrx_word' id='word_1_292' title='bbox 893 3735 1005 3808; x_wconf 85' lang='lat' dir='ltr'>quadarn</span> <span class='ocrx_word' id='word_1_293' title='bbox 1030 3743 1061 3788; x_wconf 87' lang='lat' dir='ltr'>et</span> <span class='ocrx_word' id='word_1_294' title='bbox 1074 3735 1249 3790; x_wconf 86' lang='lat' dir='ltr'>continuitate</span> <span class='ocrx_word' id='word_1_295' title='bbox 1269 3736 1373 3812; x_wconf 88' lang='lat' dir='ltr'>scripto</span> <span class='ocrx_word' id='word_1_296' title='bbox 1391 3755 1472 3811; x_wconf 84' lang='lat' dir='ltr'>expo·</span> 
     </span>
     <span class='ocr_line' id='line_1_39' title="bbox 344 3797 1474 3876; baseline 0.002 -20"><span class='ocrx_word' id='word_1_297' title='bbox 344 3820 438 3868; x_wconf 71' lang='lat' dir='ltr'>serere,</span> <span class='ocrx_word' id='word_1_298' title='bbox 464 3797 513 3856; x_wconf 86' lang='lat' dir='ltr'>sed</span> <span class='ocrx_word' id='word_1_299' title='bbox 536 3801 563 3854; x_wconf 91' lang='lat' dir='ltr'>in</span> <span class='ocrx_word' id='word_1_300' title='bbox 580 3820 635 3872; x_wconf 84' lang='lat' dir='ltr'>mar</span> <span class='ocrx_word' id='word_1_301' title='bbox 655 3802 712 3855; x_wconf 91' lang='lat' dir='ltr'>ines</span> <span class='ocrx_word' id='word_1_302' title='bbox 733 3801 856 3856; x_wconf 89' lang='lat' dir='ltr'>codicum</span> <span class='ocrx_word' id='word_1_303' title='bbox 874 3803 1064 3873; x_wconf 88' lang='lat' dir='ltr'>conjiciebant.</span> <span class='ocrx_word' id='word_1_304' title='bbox 1106 3799 1187 3873; x_wconf 81' lang='lat' dir='ltr'>Quod</span> <span class='ocrx_word' id='word_1_305' title='bbox 1204 3803 1251 3875; x_wconf 88' lang='lat' dir='ltr'>qui</span> <span class='ocrx_word' id='word_1_306' title='bbox 1270 3802 1404 3876; x_wconf 67' lang='lat' dir='ltr'>iaciebant</span> <span class='ocrx_word' id='word_1_307' title='bbox 1420 3823 1474 3858; x_wconf 90' lang='lat' dir='ltr'>nou</span> 
     </span>
     <span class='ocr_line' id='line_1_40' title="bbox 345 3819 1473 3952; baseline 0.003 -29"><span class='ocrx_word' id='word_1_308' title='bbox 345 3865 519 3926; x_wconf 88' lang='lat' dir='ltr'>dubitandum</span> <span class='ocrx_word' id='word_1_309' title='bbox 538 3865 603 3942; x_wconf 90' lang='lat' dir='ltr'>quin</span> <span class='ocrx_word' id='word_1_310' title='bbox 621 3819 653 3923; x_wconf 76' lang='lat' dir='ltr'>id</span> <span class='ocrx_word' id='word_1_311' title='bbox 671 3888 718 3924; x_wconf 87' lang='lat' dir='ltr'>sna</span> <span class='ocrx_word' id='word_1_312' title='bbox 737 3871 820 3952; x_wconf 76' lang='lat' dir='ltr'>magis</span> <span class='ocrx_word' id='word_1_313' title='bbox 833 3889 912 3943; x_wconf 87' lang='lat' dir='ltr'>quam</span> <span class='ocrx_word' id='word_1_314' title='bbox 925 3868 1037 3928; x_wconf 80' lang='lat' dir='ltr'>alioruin</span> <span class='ocrx_word' id='word_1_315' title='bbox 1051 3889 1129 3922; x_wconf 89' lang='lat' dir='ltr'>cansa</span> <span class='ocrx_word' id='word_1_316' title='bbox 1145 3870 1266 3926; x_wconf 83' lang='lat' dir='ltr'>iecerint.</span> <span class='ocrx_word' id='word_1_317' title='bbox 1283 3901 1316 3944; x_wconf 69' lang='lat'>7·-</span> <span class='ocrx_word' id='word_1_318' title='bbox 1343 3868 1473 3927; x_wconf 82' lang='lat' dir='ltr'>Ceterum</span> 
     </span>
     <span class='ocr_line' id='line_1_41' title="bbox 345 3937 1472 4014; baseline 0.004 -23"><span class='ocrx_word' id='word_1_319' title='bbox 345 3937 428 3992; x_wconf 88' lang='lat' dir='ltr'>nolim</span> <span class='ocrx_word' id='word_1_320' title='bbox 438 3939 580 4012; x_wconf 85' lang='lat' dir='ltr'>qnisquam</span> <span class='ocrx_word' id='word_1_321' title='bbox 592 3945 676 4014; x_wconf 82' lang='lat' dir='ltr'>putet,</span> <span class='ocrx_word' id='word_1_322' title='bbox 688 3937 717 3994; x_wconf 87' lang='lat' dir='ltr'>in</span> <span class='ocrx_word' id='word_1_323' title='bbox 728 3939 809 3992; x_wconf 81' lang='lat' dir='ltr'>nimis</span> <span class='ocrx_word' id='word_1_324' title='bbox 821 3947 960 4010; x_wconf 85' lang='lat' dir='ltr'>angustum</span> <span class='ocrx_word' id='word_1_325' title='bbox 972 3938 1065 3992; x_wconf 90' lang='lat' dir='ltr'>orbem</span> <span class='ocrx_word' id='word_1_326' title='bbox 1075 3938 1216 4012; x_wconf 87' lang='lat' dir='ltr'>utriusque</span> <span class='ocrx_word' id='word_1_327' title='bbox 1226 3937 1350 3995; x_wconf 87' lang='lat' dir='ltr'>vocabuli</span> <span class='ocrx_word' id='word_1_328' title='bbox 1362 3938 1472 4006; x_wconf 74' lang='lat' dir='ltr'>(scholii</span> 
     </span>
     <span class='ocr_line' id='line_1_42' title="bbox 345 4004 1471 4079; baseline 0.002 -21"><span class='ocrx_word' id='word_1_329' title='bbox 345 4013 373 4058; x_wconf 91' lang='lat' dir='ltr'>et</span> <span class='ocrx_word' id='word_1_330' title='bbox 389 4004 562 4071; x_wconf 86' lang='lat' dir='ltr'>scholiastae)</span> <span class='ocrx_word' id='word_1_331' title='bbox 585 4005 809 4075; x_wconf 84' lang='lat' dir='ltr'>significationem</span> <span class='ocrx_word' id='word_1_332' title='bbox 829 4025 932 4062; x_wconf 88' lang='lat' dir='ltr'>omnem</span> <span class='ocrx_word' id='word_1_333' title='bbox 951 4025 992 4060; x_wconf 90' lang='lat' dir='ltr'>me</span> <span class='ocrx_word' id='word_1_334' title='bbox 1011 4007 1144 4077; x_wconf 84' lang='lat' dir='ltr'>coegisse,</span> <span class='ocrx_word' id='word_1_335' title='bbox 1172 4025 1254 4079; x_wconf 91' lang='lat' dir='ltr'>quum</span> <span class='ocrx_word' id='word_1_336' title='bbox 1272 4007 1342 4062; x_wconf 90' lang='lat' dir='ltr'>ultro</span> <span class='ocrx_word' id='word_1_337' title='bbox 1360 4007 1471 4078; x_wconf 84' lang='lat' dir='ltr'>largiar,</span> 
     </span>
     <span class='ocr_line' id='line_1_43' title="bbox 344 4071 1471 4150; baseline 0.003 -23"><span class='ocrx_word' id='word_1_338' title='bbox 344 4073 369 4128; x_wconf 87' lang='lat' dir='ltr'>si</span> <span class='ocrx_word' id='word_1_339' title='bbox 389 4079 497 4145; x_wconf 83' lang='lat' dir='ltr'>etymon</span> <span class='ocrx_word' id='word_1_340' title='bbox 515 4073 669 4129; x_wconf 87' lang='lat' dir='ltr'>consideres</span> <span class='ocrx_word' id='word_1_341' title='bbox 685 4076 902 4150; x_wconf 83' lang='lat' dir='ltr'>scriptorumque</span> <span class='ocrx_word' id='word_1_342' title='bbox 920 4071 1106 4130; x_wconf 89' lang='lat' dir='ltr'>nonnullorum</span> <span class='ocrx_word' id='word_1_343' title='bbox 1125 4093 1216 4140; x_wconf 82' lang='lat' dir='ltr'>usum,</span> <span class='ocrx_word' id='word_1_344' title='bbox 1243 4075 1325 4130; x_wconf 90' lang='lat' dir='ltr'>etiam</span> <span class='ocrx_word' id='word_1_345' title='bbox 1344 4075 1471 4132; x_wconf 91' lang='lat' dir='ltr'>honorili-</span> 
     </span>
     <span class='ocr_line' id='line_1_44' title="bbox 345 4140 1471 4217; baseline 0.002 -21"><span class='ocrx_word' id='word_1_346' title='bbox 345 4141 464 4196; x_wconf 87' lang='lat' dir='ltr'>centiore</span> <span class='ocrx_word' id='word_1_347' title='bbox 486 4140 682 4214; x_wconf 84' lang='lat' dir='ltr'>significatione</span> <span class='ocrx_word' id='word_1_348' title='bbox 705 4151 846 4214; x_wconf 83' lang='lat' dir='ltr'>utramque</span> <span class='ocrx_word' id='word_1_349' title='bbox 869 4161 962 4197; x_wconf 87' lang='lat' dir='ltr'>rocem</span> <span class='ocrx_word' id='word_1_350' title='bbox 986 4152 1013 4196; x_wconf 90' lang='lat' dir='ltr'>et</span> <span class='ocrx_word' id='word_1_351' title='bbox 1034 4141 1154 4217; x_wconf 86' lang='lat' dir='ltr'>potuisse</span> <span class='ocrx_word' id='word_1_352' title='bbox 1180 4146 1306 4216; x_wconf 85' lang='lat' dir='ltr'>usurpari</span> <span class='ocrx_word' id='word_1_353' title='bbox 1328 4153 1355 4202; x_wconf 91' lang='lat' dir='ltr'>et</span> <span class='ocrx_word' id='word_1_354' title='bbox 1377 4163 1471 4200; x_wconf 86' lang='lat' dir='ltr'>revera</span> 
     </span>
     <span class='ocr_line' id='line_1_45' title="bbox 345 4208 1470 4286; baseline 0.002 -22"><span class='ocrx_word' id='word_1_355' title='bbox 345 4220 502 4284; x_wconf 83' lang='lat' dir='ltr'>usurpatam</span> <span class='ocrx_word' id='word_1_356' title='bbox 528 4229 597 4264; x_wconf 86' lang='lat' dir='ltr'>esse.</span> <span class='ocrx_word' id='word_1_357' title='bbox 640 4208 697 4265; x_wconf 90' lang='lat' dir='ltr'>Sed</span> <span class='ocrx_word' id='word_1_358' title='bbox 719 4229 750 4264; x_wconf 87' lang='lat' dir='ltr'>ea</span> <span class='ocrx_word' id='word_1_359' title='bbox 773 4209 982 4285; x_wconf 83' lang='lat' dir='ltr'>disputationem</span> <span class='ocrx_word' id='word_1_360' title='bbox 1004 4219 1123 4265; x_wconf 87' lang='lat' dir='ltr'>nostram</span> <span class='ocrx_word' id='word_1_361' title='bbox 1145 4230 1198 4266; x_wconf 87' lang='lat' dir='ltr'>non</span> <span class='ocrx_word' id='word_1_362' title='bbox 1221 4213 1340 4284; x_wconf 84' lang='lat' dir='ltr'>attingit,</span> <span class='ocrx_word' id='word_1_363' title='bbox 1366 4212 1394 4268; x_wconf 87' lang='lat' dir='ltr'>iu</span> <span class='ocrx_word' id='word_1_364' title='bbox 1417 4232 1470 4286; x_wconf 87' lang='lat' dir='ltr'>qua</span> 
     </span>
     <span class='ocr_line' id='line_1_46' title="bbox 345 4274 1468 4353; baseline 0.004 -22"><span class='ocrx_word' id='word_1_365' title='bbox 345 4274 500 4334; x_wconf 87' lang='lat' dir='ltr'>nolumus</span> <span class='ocrx_word' id='word_1_366' title='bbox 522 4275 556 4334; x_wconf 88' lang='lat' dir='ltr'>de</span> <span class='ocrx_word' id='word_1_367' title='bbox 575 4277 636 4333; x_wconf 89' lang='lat' dir='ltr'>aliis</span> <span class='ocrx_word' id='word_1_368' title='bbox 654 4287 732 4353; x_wconf 87' lang='lat' dir='ltr'>atque</span> <span class='ocrx_word' id='word_1_369' title='bbox 752 4297 818 4352; x_wconf 90' lang='lat' dir='ltr'>quos</span> <span class='ocrx_word' id='word_1_370' title='bbox 836 4277 986 4350; x_wconf 82' lang='lat' dir='ltr'>significavi</span> <span class='ocrx_word' id='word_1_371' title='bbox 1008 4275 1162 4334; x_wconf 84' lang='lat' dir='ltr'>sclroliastis</span> <span class='ocrx_word' id='word_1_372' title='bbox 1185 4278 1328 4335; x_wconf 83' lang='lat' dir='ltr'>disserere.</span> <span class='ocrx_word' id='word_1_373' title='bbox 1372 4279 1404 4336; x_wconf 89' lang='lat' dir='ltr'>ld</span> <span class='ocrx_word' id='word_1_374' title='bbox 1442 4281 1468 4336; x_wconf 91' lang='lat' dir='ltr'>ui</span> 
     </span>
     <span class='ocr_line' id='line_1_47' title="bbox 344 4301 1470 4425; baseline 0.003 -24"><span class='ocrx_word' id='word_1_375' title='bbox 344 4365 398 4419; x_wconf 81' lang='lat' dir='ltr'>nou</span> <span class='ocrx_word' id='word_1_376' title='bbox 415 4345 543 4402; x_wconf 76' lang='lat' dir='ltr'>debuisse</span> <span class='ocrx_word' id='word_1_377' title='bbox 562 4366 603 4401; x_wconf 87' lang='lat' dir='ltr'>me</span> <span class='ocrx_word' id='word_1_378' title='bbox 621 4344 693 4400; x_wconf 88' lang='lat' dir='ltr'>nolle</span> <span class='ocrx_word' id='word_1_379' title='bbox 705 4356 789 4419; x_wconf 90' lang='lat' dir='ltr'>putat,</span> <span class='ocrx_word' id='word_1_380' title='bbox 808 4347 834 4400; x_wconf 91' lang='lat' dir='ltr'>ei</span> <span class='ocrx_word' id='word_1_381' title='bbox 846 4344 1077 4416; x_wconf 82' lang='lat' dir='ltr'>demonstrandum</span> <span class='ocrx_word' id='word_1_382' title='bbox 1092 4350 1153 4412; x_wconf 83' lang='lat' dir='ltr'>erit,</span> <span class='ocrx_word' id='word_1_383' title='bbox 1171 4357 1275 4403; x_wconf 87' lang='lat' dir='ltr'>veteres</span> <span class='ocrx_word' id='word_1_384' title='bbox 1288 4369 1393 4425; x_wconf 87' lang='lat' dir='ltr'>quoque</span> <span class='ocrx_word' id='word_1_385' title='bbox 1407 4301 1470 4404; x_wconf 84' lang='lat' dir='ltr'>illos</span> 
     </span>
     <span class='ocr_line' id='line_1_48' title="bbox 343 4411 1469 4492; baseline 0.009 -29"><span class='ocrx_word' id='word_1_386' title='bbox 343 4411 575 4480; x_wconf 71' lang='grc' dir='ltr'><em>νπομνηματιστὰς</em></span> <span class='ocrx_word' id='word_1_387' title='bbox 597 4433 649 4470; x_wconf 88' lang='lat' dir='ltr'>non</span> <span class='ocrx_word' id='word_1_388' title='bbox 672 4415 700 4470; x_wconf 90' lang='lat' dir='ltr'>io</span> <span class='ocrx_word' id='word_1_389' title='bbox 722 4411 904 4490; x_wconf 87' lang='lat' dir='ltr'>peculiaribus</span> <span class='ocrx_word' id='word_1_390' title='bbox 926 4414 1017 4483; x_wconf 88' lang='lat' dir='ltr'>libris,</span> <span class='ocrx_word' id='word_1_391' title='bbox 1043 4416 1091 4473; x_wconf 85' lang='lat' dir='ltr'>sed</span> <span class='ocrx_word' id='word_1_392' title='bbox 1113 4417 1141 4473; x_wconf 89' lang='lat' dir='ltr'>in</span> <span class='ocrx_word' id='word_1_393' title='bbox 1161 4417 1327 4492; x_wconf 71' lang='lat' dir='ltr'>marginibus</span> <span class='ocrx_word' id='word_1_394' title='bbox 1346 4414 1469 4476; x_wconf 86' lang='lat' dir='ltr'>codicum</span> 
     </span>
     <span class='ocr_line' id='line_1_49' title="bbox 343 4483 942 4560; baseline 0.005 -22"><span class='ocrx_word' id='word_1_395' title='bbox 343 4483 576 4558; x_wconf 80' lang='lat' dir='ltr'>interpretationes</span> <span class='ocrx_word' id='word_1_396' title='bbox 594 4501 656 4540; x_wconf 85' lang='lat' dir='ltr'>snas</span> <span class='ocrx_word' id='word_1_397' title='bbox 674 4483 840 4560; x_wconf 80' lang='lat' dir='ltr'>exposuisse·</span> <span class='ocrx_word' id='word_1_398' title='bbox 938 4493 942 4502; x_wconf 80' lang='grc'><em>’</em></span> 
     </span>
    </p>
   </div>
   <div class='ocr_carea' id='block_1_7' title="bbox 0 0 1634 5134">
    <p class='ocr_par' dir='ltr' id='par_1_7' title="bbox 0 0 1634 5134">
     <span class='ocr_line' id='line_1_50' title="bbox 0 0 1634 5134; baseline 0 4"><span class='ocrx_word' id='word_1_399' title='bbox 0 0 1634 5134; x_wconf 95' lang='lat' dir='ltr'> </span> 
     </span>
    </p>
   </div>
  </div>
 </body>
</html>
