3258 5134
1286 267 1338 350 tt

213 465 279 538 alio
300 463 446 556 quodam
472 459 706 553 interprete
734 458 844 544 citari,
871 455 1066 551 praesertim
1086 453 1144 526 ubi
1164 455 1254 534 hunc
1275 465 1340 529 sta·

211 564 288 623 ruas
316 562 351 620 et
377 551 487 641 ipsum
516 548 632 615 doctos
660 545 735 614 illos
764 556 800 616 et
827 547 981 636 antiquos
1007 545 1202 636 interpretes
1225 566 1341 626 consu·

211 639 323 712 luisse.
369 633 499 724 Quodsi
521 646 634 702 tamen
656 631 697 702 ad
720 633 813 716 haec,
833 643 873 700 nt
894 655 965 706 non
981 640 1050 701 tarn
1060 653 1217 720 auguror,
1237 653 1341 783 poam

211 723 410 804 cer'to·soio,
432 719 626 812 responderi
647 719 778 808 nequit,
800 729 869 786 non
889 719 1027 788 liberam
1047 716 1215 807 judicandi
1252 715 1339 784 acul-

209 821 314 880 tntem
335 833 395 901 per
417 811 586 888 tenebras,
609 805 728 896 quibus
751 803 807 874 hic
828 814 984 893 tegantur
1005 803 1131 885 omnia,
1154 802 1250 871 nobis
1273 826 1341 870 ere·

235 908 303 965 tarn
326 893 494 964 clamitare
515 915 704 985 possumus,
726 891 789 962 sed
809 890 1158 962 tibereaonfitenaum
1176 890 1246 970 erit,
1268 913 1343 963 rem

210 995 265 1052 ata·
286 984 387 1050 luisse
416 990 654 1073 comparatam,
676 987 726 1055 ,ut
751 1001 794 1046 ne
820 975 971 1069 potuerit
992 975 1127 1065 quidem
1147 974 1192 1043 ita
1215 975 1339 1066 quaeri,

209 1071 233 1139 i.·
249 1094 278 1137 e.
299 1066 339 1129 τὸ
360 1057 546 1146 ὑπόμνημα
567 1089 644 1132 non
668 1064 713 1132 ab
736 1065 875 1154 aliquo
899 1062 1071 1214 antiqpo
1093 1062 1341 1154 interprete,

211 1157 271 1225 sed
294 1181 312 1221 a
332 1154 507 1222 scholiasta
531 1150 713 1223 recentiore
728 1151 865 1218 citatum
882 1173 966 1219 esse.
1047 1146 1267 1222 ales-autern
1282 1148 1340 1215 ho-

210 1241 317 1310 mines
345 1239 373 1308 si
395 1239 438 1308 de
465 1237 518 1326 τῷ
543 1233 759 1318 ὑπομνήματι
781 1239 938 1327 loquntos
956 1256 1036 1310 esse
1056 1234 1212 1316 dicimus,
1240 1233 1341 1308 simili

211 1325 407 1418 quaestione
432 1350 502 1393 non
532 1325 596 1392 'am
622 1337 800 1414 possumus
826 1321 989 1422 torqueri3
1023 1343 1101 1390 uam
1126 1343 1187 1412 per
1206 1344 1244 1390 se
1272 1343 1343 1388 non

212 1425 266 1482 est
292 1436 370 1482 vero
398 1411 524 1480 dissimi
538 1435 585 1492 e,
604 1434 670 1477 non
699 1410 794 1500 plura
816 1410 864 1476 eis
891 1401 1122 1490 νπομνῆματα
1142 1405 1341 1498 suppetisse,

212 1499 271 1566 sed
296 1498 430 1565 unicum
452 1508 599 1578 tantum;
631 1496 720 1563 istud
743 1505 854 1562 autern
876 1493 1013 1562 unicum
1035 1503 1228 1582 certumque
1250 1503 1340 1561 recto

210 1593 392 1679 potuerunt
404 1583 448 1671 (si
461 1584 537 1680 quis
551 1581 617 1652 hoc
630 1582 716 1652 torte
731 1579 871 1668 neseiat)
893 1576 939 1644 τὸ
961 1570 1146 1663 ὑπόμνημα
1163 1579 1339 1673 appellare.

631 1736 634 1746 .
729 1785 818 1876 Μ

220 1942 225 1982 ³
256 1963 259 1970 .
298 1925 451 1996 Alterum
481 1923 571 2016 quod
598 1921 792 2016 priusquam
820 1933 929 1994 cetera
956 1945 1138 2016 persequar
1163 1921 1340 1994 convenire

211 2010 293 2079 mihi
316 2033 391 2078 eum
413 2011 591 2077 lectoribus
614 2020 767 2099 oportere
790 2011 892 2091 innui,
915 2009 1055 2080 adeam
1070 2033 1155 2101 quae
1170 2010 1345 2079 neminem

212 2097 297 2188 largit
317 2093 568 2164 scholiastarum
589 2094 838 2162 multitudinem
858 2095 1015 2187 pertinet,
1037 2119 1181 2185 quorum
1204 2100 1339 2188 conjun-

212 2183 487 2256 ctae-industriae
508 2181 620 2273 copias
636 2191 763 2250 nostras
779 2182 1108 2250 servarasnehemus.
1154 2182 1221 2269 Qui
1236 2207 1341 2274 quum

212 2293 350 2338 numero
372 2270 483 2360 plures
504 2269 580 2346 sint,
602 2267 694 2336 docti
713 2268 850 2353 indocti,
872 2269 997 2358 antiqui
1012 2267 1223 2351 recentiores,
1245 2294 1340 2350 accu-

211 2355 274 2424 rati
294 2367 329 2423 et
341 2354 519 2459 prudentes
541 2352 617 2420 vani
637 2363 671 2421 et
685 2354 787 2435 stulti,
808 2393 853 2406 -
872 2355 954 2422 illud
970 2354 1081 2444 quaeri
1097 2366 1217 2444 potest,
1237 2354 1341 2424 omni·

211 2442 318 2508 busne
346 2440 440 2509 istius
467 2435 709 2520 ὑπομνήματος
738 2440 867 2533 copiam
895 2442 996 2509 luisse
1024 2440 1184 2528 judicem,
1218 2465 1258 2508 an
1281 2441 1340 2510 uni

213 2527 443 2595 tantummodo
470 2537 505 2593 et
533 2524 644 2604 alteri3
676 2527 822 2606 tum,·si
843 2525 940 2610 illud,
970 2527 1068 2616 quale
1092 2525 1194 2594 fuisse
1215 2524 1340 2618 judica·

213 2609 317 2681 verim
337 2607 530 2693 ὑπόμνημα,
553 2613 643 2702 quod
665 2621 699 2679 et
719 2613 935 2702 prudentibus
956 2623 991 2681 et
1009 2612 1121 2682 stultis
1143 2615 1340 2707 aeqq‘e‘con-

214 2700 363 2782 veniret3
396 2698 447 2766 sin
475 2701 630 2780 alterum,
663 2721 762 2788 quem
784 2698 995 2791 potissimum
1018 2721 1060 2766 ex
1081 2707 1171 2767 tanta
1194 2700 1341 2768 multitu-

214 2785 291 2867 diue
320 2785 383 2852 hac
406 2795 502 2888 parte
528 2784 662 2852 beatum
689 2787 959 2878 fortunatumque
981 2784 1084 2854 fuisse
1112 2794 1238 2876 putem.
1287 2785 1341 2854 Ad

212 2882 361 2962 quae-et
386 2893 416 2938 ar
442 2894 506 2960 qua
535 2871 686 2939 similiter
711 2873 825 2961 quaeri
847 2882 1003 2964 possunt,
1036 2895 1237 3026 quamquam
1258 2872 1340 2940 satis

214 2970 304 3025 certo
332 2968 370 3024 ut
390 2958 425 3024 in
445 2968 536 3024 tanta
558 2981 669 3024 rerum
691 2959 891 3026 obscuritate
913 2967 1035 3050 respon
1059 2982 1113 3026 ere
1135 2981 1233 3050 posse
1257 2959 1340 3027 mihi

212 3041 341 3126 videor,
368 3053 549 3111 esttamen
571 3066 625 3110 res
647 3045 779 3134 majoris
801 3044 981 3113 moliminis
1003 3043 1254 3135 longioremque
1275 3044 1339 3113 sibi

212 3130 466 3232 disputationem
489 3131 644 3220 postulat,
666 3153 764 3219 qnam
788 3134 922 3221 qualern
942 3130 996 3201 hic
1018 3131 1126 3223 capiat
1142 3133 1247 3212 locus,
1269 3144 1338 3223 quo

211 3239 245 3282 m
267 3228 453 3284 transcursu
466 3217 646 3307 paululum
659 3217 875 3288 subsistentes
896 3219 1054 3286 nonnulla
1077 3217 1340 3309 contemplamur
1456 3263 1458 3272 ·

213 3301 335 3380 obitam
369 3303 568 3370 nnnc-illud
594 3313 722 3370 tanturn
748 3309 872 3372 moneo
895 3305 984 3395 quod
1013 3316 1050 3372 et
1071 3303 1200 3372 facilius
1219 3314 1276 3404 est
1297 3301 1340 3371 ad

213 3389 504 3456 demonstrandum
528 3397 562 3455 et
582 3411 661 3455 vero
684 3389 783 3458 etiam
805 3391 947 3459 brevius‘
960 3392 1071 3459 doceri
1092 3400 1218 3482 potest:
1251 3383 1339 3451 υπό-

212 3492 330 3556 μνημα
350 3475 432 3542 illud
456 3473 692 3563 antiquioribus
715 3486 803 3544 certe
827 3489 860 3545 et
875 3477 1076 3546 doctioribus
1097 3482 1183 3546 inter
1198 3473 1338 3544 scholia·

214 3572 281 3629 stas
302 3558 563 3651 Aristophaneos
592 3561 632 3628 ad
660 3585 777 3631 manus
803 3563 923 3646 fuisse,
955 3587 1019 3632 nec
1045 3561 1103 3632 uni
1130 3563 1244 3643 alicui,
1276 3561 1338 3632 sed

211 3646 359 3738 pluribus
380 3671 529 3714 numero.
573 3647 706 3715 Etenim
727 3649 755 3716 si
772 3673 918 3742 unquam
935 3651 1016 3720 certi
1030 3651 1210 3742 quidquem
1225 3650 1267 3717 ab
1280 3675 1337 3718 ex-

212 3742 304 3799 terna
332 3733 599 3802 observationum
620 3733 725 3802 forma
755 3737 796 3804 de
818 3747 944 3819 aetate,
976 3762 1042 3805 non
1066 3738 1139 3808 dico
1167 3735 1336 3827 suspicari,

213 3817 272 3884 sed
284 3819 444 3896 affirmare
455 3828 635 3910 potuerunt
646 3822 745 3904 docti,
762 3844 826 3912 qua
842 3823 912 3891 illas
923 3825 980 3914 qui
995 3824 1183 3916 scripserint
1194 3823 1280 3892 iuter
1290 3823 1337 3890 vi-

213 3925 274 3971 vos
286 3903 446 3992 degerint:
468 3907 523 3975 hic
539 3909 648 3975 omnia
659 3907 790 4000 pra'esto
806 3919 886 3977 sunt
903 3921 1105 4002 argumenta,
1122 3908 1242 4005 quibus
1254 3908 1338 3976 dilu-

214 3987 287 4056 cide
316 4003 485 4080 appareat,
519 3995 673 4084 antiquos
695 3995 797 4062 fuisse
826 3994 1035 4080 scholiastes,
1069 3996 1126 4086 qui
1151 3990 1338 4076 ὑπόμνημα

211 4073 301 4144 istud
315 4079 556 4166 usurpaverint
577 4082 630 4149 vel
651 4080 715 4150 soli
735 4081 790 4150 vel
812 4102 875 4148 una
900 4105 976 4151 curn
998 4081 1148 4173 reliquis:
1181 4082 1237 4152 illa
1260 4083 1335 4151 dico

213 4173 421 4252 argumenta,
443 4187 528 4252 quae
550 4177 707 4256 petuntur
729 4191 769 4235 ex
792 4167 912 4236 callido
933 4170 1000 4238 isto
1015 4168 1143 4252 studio,
1167 4170 1336 4239 doctrinae

183 4269 185 4272 ·
210 4247 349 4335 alicujus
371 4247 466 4316 fonte
488 4250 606 4334 celato,
628 4277 761 4320 omnem
783 4253 975 4323 eruditionis
995 4255 1127 4323 laudern
1149 4256 1212 4322 sibi
1232 4255 1337 4324 vindi·

211 4333 308 4402 candi
330 4333 403 4415 soli,
426 4359 444 4401 a
468 4358 534 4426 quo
557 4338 773 4429 antiquissimi
789 4341 911 4444 quique
927 4342 1130 4431 grammatici
1145 4341 1337 4432 longissime
1398 4385 1414 4402 -=

210 4417 446 4505 abhorrebant,
468 4432 540 4490 tum
562 4447 647 4514 qnae
670 4449 711 4493 ex
732 4425 832 4494 nimra
854 4437 917 4496 rsta
939 4428 1105 4496 ducuntur
1119 4427 1270 4510 dicamne
1284 4444 1338 4496 su*-

210 4504 358 4597 spicandi
384 4531 427 4578 on
449 4504 631 4580 hariolandi
652 4510 805 4600 libidine,
837 4537 904 4605 qua
925 4535 982 4584 eas
1003 4506 1165 4602 ἀπορίας,
1196 4538 1336 4606 quarum
