3258 5134
1269 263 1319 344 57

194 471 299 546 quaml
323 447 351 514 si
373 445 592 516 concederem
614 481 657 496 -·
682 453 722 512 ut
742 443 889 516 concedo
916 465 996 512 sane
1015 481 1060 498 -·
1084 443 1197 516 locum
1217 450 1322 517 se'mel

194 535 445 612 contaminasse,
469 533 580 601 statim
593 532 747 600 videbam
761 531 870 603 visum
884 529 924 597 iri
939 532 1093 600 omnibus
1108 533 1208 601 latius
1222 536 1323 603 etiam

134 612 143 630 ²
194 621 370 713 serpsisse,
409 621 491 686 adeo
518 628 560 687 ut
585 619 704 686 frustra
720 616 851 684 niterer
877 640 987 684 meam
1012 617 1110 704 illam}
1131 621 1323 711 opinionem

191 707 341 863 pluribus
368 706 576 799 persuadere.
626 703 674 771 Ita
721 702 805 772 ein
835 702 938 770 schol.
967 704 1039 785 Au,
1056 714 1096 777 17
1124 706 1260 798 quidem
1287 717 1323 776 ct
1386 761 1392 770 .

222 797 281 860 lut.
304 801 387 864 1037
410 816 484 860 cnm
506 791 668 859 delenden
693 815 703 857 1
724 791 887 858 rationem
910 789 1150 858 admittendam
1173 793 1323 878 arbitror,

194 889 230 948 at
251 881 284 944 in
300 878 717 970 Thesmophorianusarum
738 877 814 944 loco
837 901 904 942 non
925 877 1035 944 minus
1050 901 1151 967 quam
1166 878 1202 946 in
1216 880 1324 950 schol.

193 967 255 1035 Av.
269 972 334 1037 574
355 968 449 1055 cujus
470 966 551 1033 item
573 965 607 1032 in
621 962 759 1056 reliquis·
770 962 943 1030 manifesta
959 963 1127 1056 corruptio
1140 976 1206 1046 est,
1228 990 1323 1059 prae·

192 1063 282 1120 stare
304 1051 486 1140 corrigendi
509 1051 709 1142 perieulum,
725 1049 822 1139 ¹quod
842 1047 877 1115 in
898 1049 1006 1154 priore
1029 1051 1164 1152 qudcm
1177 1051 1253 1120 loco
1275 1053 1322 1122 ita

193 1241 435 1378 ⁰wiliiritoeiiti
460 1309 560 1400 igitur
586 1308 691 1376 simus
716 1315 847 1400 oportet
874 1305 946 1376 solo
975 1270 1104 1376 scholio
1126 1307 1167 1376 ad
1190 1334 1222 1398 v,
1245 1319 1323 1399 389,

194 1508 261 1574 qne
283 1507 319 1550 sc

194 1594 269 1639 eam
290 1571 384 1659 sequi
406 1568 671 1664 probabilitatem
694 1590 747 1633 cnr
769 1589 823 1634 me
846 1567 923 1634 dare
944 1566 1192 1652 constituerem,
1219 1573 1343 1659 atque'

193 1657 355 1723 affirmare
391 1678 410 1721 o
436 1679 474 1722 ns
508 1654 590 1722 illud
622 1655 710 1720 unde
743 1651 1160 1744 Thesmophoriazusarum
1195 1655 1321 1724 scholia

192 1743 368 1824 manarint,
390 1680 477 1808 idern
499 1763 573 1808 esse
595 1750 696 1829 atque
719 1740 808 1829 quod
830 1739 1030 1829 reliquarum
1052 1738 1175 1806 scholia
1198 1741 1322 1809 fabula-

191 1851 267 1896 rum
284 1826 522 1920 suppeditavit.
543 1865 588 1877 —-
622 1826 738 1918 ltaque
759 1828 831 1914 iure
851 1827 918 1914 jam
940 1835 1088 1914 repetam
1102 1825 1195 1909 illud,
1217 1827 1320 1919 hypo-

192 1915 423 1982 mnematistae
444 1913 532 1980 illius
554 1912 666 2002 copias
689 1912 730 1979 ad
752 1935 868 1978 omncs
888 1921 1055 2002 quotquot
1075 1906 1253 2002 supersunt
1274 1914 1321 1980 sa-

193 1998 516 2090 bulas‘pertinuisse
542 2008 739 2089 praeterque
768 2021 824 2067 eas
850 1997 893 2066 ad
920 1996 1047 2087 aliquot
1073 2021 1207 2092 qnoque
1235 2023 1320 2091 quae

193 2085 294 2156 hodie
314 2096 393 2156 sunt
412 2083 602 2178 depertitae.
724 2169 728 2177 Ι
812 2168 815 2176 Ι

699 2287 729 2382 §-
756 2299 810 2368 19.

280 2429 438 2534 Sequitur
458 2427 625 2523 deinceps,
646 2436 685 2495 ut
705 2451 807 2519 quem
828 2435 998 2495 auctorem
1012 2427 1130 2522 putem
1145 2429 1216 2518 ejus
1231 2452 1320 2498 com-

159 2567 161 2571 ·
194 2519 345 2584 mentoris
372 2518 449 2585 data
477 2541 576 2608 opera
605 2539 646 2582 en
670 2539 778 2581 onam.
828 2513 948 2600 Quode
974 2535 1079 2582 unum
1100 2537 1198 2606 supra
1222 2513 1264 2602 (ᾧ.
1286 2521 1322 2600 4)

122 2666 125 2672 .
193 2605 386 2670 monuimus
404 2625 472 2670 non
494 2625 566 2670 csse
590 2602 630 2667 do
687 2597 798 2692 idymo
821 2600 1046 2691 cogitandum,
1068 2599 1127 2668 sed
1149 2600 1191 2669 de
1209 2601 1320 2692 aliquo

192 2683 377 2758 'recentiore
409 2713 509 2778 quam
541 2687 721 2776 Didymos·
740 2687 802 2754 fuit
834 2687 1058 2775 grammatico.
1115 2685 1184 2766 Sed
1217 2712 1321 2778 quom

193 2786 362 2866 praetcrea
385 2775 467 2843 nihil
488 2775 631 2865 exipsis
652 2773 786 2841 scholiis
811 2795 900 2840 nunc
922 2773 1057 2864 quidem
1077 2771 1229 2840 videatur
1250 2771 1321 2840 erui
1384 2807 1388 2814 ·

193 2861 416 2952 possequod
438 2860 494 2927 hic
515 2873 638 2929 certam
660 2859 803 2949 aliquam
823 2858 891 2924 vim
904 2858 1036 2938 haheat,
1058 2858 1169 2950 placet
1183 2859 1224 2926 ad
1238 2859 1323 2932 illud

194 2970 360 3016 recurrere
388 2948 479 3038 qnod
504 2947 540 3013 in
561 2946 673 3014 limine
700 2947 803 3018 totius
831 2944 1060 3035 disputationis
1082 2953 1251 3035 tamquam
1272 2947 1322 3014 in·

195 3034 289 3123 signe
312 3035 539 3125 adjumentum
552 3031 699 3101 loturum
719 3031 864 3100 iudicavi
879 3032 983 3119 magis
998 3053 1098 3120 quam
1111 3032 1321 3135 pertractavi,

195 3121 276 3188 illud
300 3121 389 3200 dico,
412 3119 500 3210 quod
522 3119 557 3186 in
579 3119 692 3186 codiee
708 3117 841 3185 Veneto
861 3124 927 3190 474
948 3117 1094 3206 itemque
1115 3142 1149 3184 m
1163 3116 1323 3186 Leidensi

196 3206 416 3298 subscriptum
433 3205 584 3278 vidimus.
621 3201 842 3294 Cujussolius'
856 3203 922 3272 fide
936 3204 964 3270 si
980 3214 1199 3294 quaereretur,
1221 3228 1323 3295 quern

195 3293 405 3386 potissimum
420 3292 540 3360 ducem
561 3301 701 3382 sequuta
716 3288 840 3356 scholia
855 3290 933 3372 sint,
955 3289 1067 3356 statim
1083 3291 1122 3356 ad
1144 3289 1168 3357 S
1204 3313 1322 3356 mma·

197 3379 316 3455 chum
338 3377 522 3446 traheretur
536 3373 664 3445 animus
678 3385 717 3460 ut
729 3374 944 3467 praecipuum
958 3374 1162 3444 scholiorum
1176 3313 1321 3459 iontem3

195 3466 286 3534 bunc
314 3463 403 3532 enim
424 3474 580 3553 quattuor
607 3463 774 3532 celebrant
794 3460 1000 3543 testimonia,
1027 3461 1173 3552 reliquos
1197 3461 1322 3542 (Helio-

197 3553 314 3619 dorum
336 3561 370 3620 et
385 3550 563 3630 Phainum)
585 3573 650 3617 non
673 3549 736 3618 nisi
759 3548 837 3616 duo.
880 3549 996 3650 ltaque
1018 3545 1073 3614 vel
1095 3548 1165 3614 sola
1183 3548 1324 3615 subscri·

196 3639 349 3728 ptionum
370 3637 566 3707 auctoritate
587 3659 723 3728 possem
744 3633 885 3704 fortasse
908 3635 1087 3716 alhrmare,
1108 3631 1198 3701 istud
1219 3633 1323 3736 hypo:

77 3791 80 3796 Α
197 3747 344 3801 macine,
378 3747 444 3814 quo
471 3723 507 3794 in
535 3721 730 3815 explicando
752 3719 971 3813 Aristophane
993 3721 1170 3788 utebantur
1197 3721 1323 3809 antiqua

197 3807 391 3876 scholiastae
414 3810 603 3901 adjumento
627 3811 697 3899 ejus
719 3807 966 3894 generisunic'o
989 3816 1023 3872 et
1042 3805 1133 3896 quod
1154 3805 1195 3872 ad
1210 3813 1343 3895 super·'
1407 3869 1410 3876 ⁴

196 3893 291 3961 stites
320 3917 435 3966 omnes
456 3895 685 3987 Aristophanis
713 3896 840 3962 fabulas
867 3891 1053 3985 pertinebat
1079 3892 1233 3984 undeque
1261 3891 1322 3958 im·

196 3977 311 4072 primis
332 3979 478 4071 priomm
505 3981 721 4074 interpretum
742 3979 864 4072 placita
891 3977 1075 4046 scholiastis
1096 3977 1322 4060 innotuerunt,

196 4090 217 4134 a
232 4065 434 4156 Symmacho
457 4089 529 4136 esse
552 4069 785 4159 conscriptumss
828 4065 899 4134 Sed
915 4063 1063 4154 graviora
1082 4063 1182 4154 etiam
1197 4063 1241 4132 ad
1254 4087 1322 4130 ma-

194 4174 260 4220 nus
281 4161 360 4220 sunt
381 4163 587 4242 argumenta,
613 4155 733 4246 quihus
754 4153 844 4220 idem
866 4149 1095 4242 comprobem,
1123 4173 1187 4217 nec
1208 4173 1322 4240 qoem·

244 4263 298 4306 arn
320 4237 554 4306 reluctaturum
575 4261 671 4330 spero
694 4240 850 4331 amplius,
870 4236 929 4306 ubi
951 4236 1218 4304 demonstravero
1231 4256 1321 4326 qnae

195 4261 520 4427 ddhypomnemate
545 4325 603 4392 illo
629 4327 664 4393 in
687 4325 897 4396 antecedenti
919 4322 1140 4478 discplutatione
1162 4343 1322 4412 exposue-

194 4431 319 4487 rrmea
344 4434 379 4480 m
406 4409 709 4500 Symmachum,
741 4403 875 4503 qualem
897 4435 917 4482 e
938 4434 956 4480 s

195 4498 313 4569 cadere
336 4497 457 4568 omnia.

999 4409 1072 4492 oliis
1094 4408 1340 4502 cognovimus,¹

1397 1045 1403 1088 r
1545 1047 1550 1060 ‘

191 1139 292 1206 velim
314 1139 449 1219 subeas,
474 1148 513 1205 ut
534 1138 673 1206 scribas:
706 1129 868 1220 πολλάκις
888 1150 1040 1217 amuel,
1062 1153 1116 1198 ⁰1⁶
1135 1132 1326 1224 προβάλλει
1438 1224 1443 1237 ¹
1555 1122 1560 1132 ⁵

191 1396 281 1465 unde
308 1421 411 1550 quum
438 1408 475 1468 ut
496 1396 563 1462 dixi
591 1405 761 1486 appareat,
796 1391 1213 1485 Thesmophorianusaium
1240 1422 1322 1487 qno.
1424 1466 1426 1471 ,

345 1485 408 1550 olia
431 1505 472 1550 ex
493 1483 669 1568 integriore
690 1505 791 1582 opere
814 1480 977 1572 descripta
1001 1503 1089 1558 esse,
1111 1483 1185 1580 jam
1206 1483 1323 1556 licebit
1420 1495 1425 1505 “
