3258 5134
1231 269 1342 346 οὖν

112 463 115 485 “
215 445 384 542 ῥεύματος
397 447 520 534 ruptore
533 437 725 536 φερόμενος.
757 442 777 510 ὁ
792 447 813 511 δ
818 447 835 512 δ
848 441 923 513 Δίδ
927 467 948 512 ν
953 463 1029 534 poe
1040 447 1136 537 παρὰ
1151 445 1191 516 τὸ
1207 445 1343 516 Πινδά-

213 558 278 627 ρου
299 534 502 621 ,,ο’ίμίινιυμοι
517 533 640 618 σεμνὸν
651 529 810 622 Ἀλφειοῦ
824 540 887 618 ¹).“
922 533 1021 622 διχῶς
1035 535 1072 600 δέ
1086 541 1181 614 cclcc,
1201 533 1345 626 ίίλφειον
1460 559 1462 564 ’
1583 539 1584 608 ]

216 623 656 696 notor.-sebol.elv.t39:
672 613 1219 708 EvppofflcAiownac'ootdyovil
1231 621 1345 688 τοιού.
1402 631 1415 672 ’.
1491 701 1492 706 ¹
1583 685 1584 704 ,

216 731 278 774 τον
300 709 391 786 τινὸς
419 705 501 774 ἔοικε
522 707 733 792 μεμνῆσθαι.
777 703 1102 798 Καλλίστρατος
1124 709 1160 772 δὲ
1181 705 1345 808 τοσοῦτόν
1402 736 1405 742 ·

217 793 400 884 (ταύτόνῖ)
422 813 544 885 φησιν,
569 792 605 856 ἐκ
627 789 851 877 διηγημᾳτίον
879 793 971 871 τινδς
992 791 1176 879 εἱλκύσθαι
1191 802 1233 884 ²).
1274 799 1346 862 aul

217 879 413 969 Δίδυμος,
448 871 503 946 liro
529 873 666 966 οιίσχρός
698 900 749 956 τις
774 877 838 958 τὴν
864 875 948 970 ὄψιν
974 879 1115 967 συνεχῶς
1142 882 1184 974 τῇ
1212 885 1347 965 γυναικί

216 964 480 1053 πλησιαζόμινος
505 968 702 1070 (corrigend.
723 963 990 1050 ιιληκτιζόμενος.
1036 970 1156 1040 Suidas
1183 973 1245 1040 suh
1267 969 1346 1033 διν·
1417 991 1423 996 ’

217 1055 336 1132 θήκην
366 1056 467 1127 habet
499 1047 814 1134 διαπληκτιζόμενος
845 1055 934 1144 quod
956 1057 1066 1160 ipsum
1088 1056 1143 1128 bio
1171 1058 1345 1129 restituero

216 1145 324 1214 voluit
337 1143 515 1228 Kusterus)
537 1139 700 1203 συνέθετο
722 1137 777 1204 lael
798 1134 918 1227 φίλων,
939 1163 1024 1224 pnes
1042 1134 1178 1206 τύπτειν
1190 1139 1274 1248 μήτε
1287 1138 1349 1206 τύ-

97 1257 100 1268 ,
217 1228 388 1309 πτισθοι,
416 1227 500 1310 μήτε
522 1224 656 1290 δάκνειν
677 1225 844 1313 φιλοῦντα
865 1223 951 1310 μήτε
973 1223 1180 1314 δάκνεσθαι,
1207 1245 1282 1294 οιον
1303 1225 1346 1295 ct
1461 1229 1468 1246 ‘

217 1307 280 1398 μ’ὲν
307 1308 367 1397 οὐχ
394 1306 540 1388 taetrae
564 1313 630 1374 τῶν
651 1302 846 1397 ὀρχιπέδων,
878 1309 957 1376 οὐδὲ
978 1312 1041 1397 ἐγώ
1062 1315 1130 1379 τῶν
1150 1317 1281 1401 τριχῶν.
1301 1355 1351 1370 .-

217 1402 531 1474 scbol.hv.1297:
569 1395 588 1460 ὀ
616 1391 878 1484 δὲ,Σύμμαχος,
904 1441 949 1454 ..-
980 1400 1120 1490 φέρεται
1148 1399 1184 1464 δὲ
1211 1401 1348 1484 ἐντοῖς
1401 1453 1413 1482 ,

118 1539 120 1559 ,
216 1483 386 1560 πλείστοις
406 1480 472 1551 ὑπὸ
495 1480 744 1572 στνφοκόμιιοο.
786 1487 843 1549 καὶ
866 1487 974 1572 σαφὲς
995 1483 1094 1550 οὐδὲν
1116 1482 1348 1574 ἔστινιὺρεῑν.

217 1565 437 1647 Διονύσιος
469 1570 511 1634 δὲ
545 1567 799 1656 ὁΖιίπυροςδ)
827 1567 1065 1658 γράφοι,“ὑιι’
1094 1567 1349 1659 ὀρτυγοκὸμιιον
1390 1573 1395 1578 ’
1460 1568 1462 1574 ’

217 1677 247 1722 ιι.
270 1678 299 1728 τ,
321 1657 352 1721 λ.
367 1662 465 1745 4)’---
507 1658 609 1726 Vides
630 1659 745 1748 igitur,
774 1659 991 1750 interpretum
1013 1660 1244 1753 Aristophanis
1267 1661 1348 1740 anti-

244 1747 372 1814 uiomm
398 1745 516 1812 saltem
546 1744 770 1814 nobilissimos
793 1771 812 1813 a
834 1747 1037 1832 Symmacho
1059 1751 1139 1815 'csse
1161 1758 1349 1840 usurpatos,

217 1770 487 1910 demosthenem,
513 1831 1025 1916 Aristarchum,callisuatum‚
1054 1833 1254 1925 Didymum,
1282 1834 1350 1900 Eu·

242 1919 413 1998 bronium,
445 1927 614 2008 praetcrea
643 1918 725 1985 alios
747 1942 899 2010 quoque,
932 1914 1076 2024 quorum
1095 1944 1176 1988 num
1198 1921 1351 1988 omnium

218 1945 320 2074 libros
342 2005 414 2094 ipsc
435 2002 616 2092 inspexerit
636 2015 752 2092 postea
775 2004 954 2156 ‹puaerendr
975 2005 1070 2074 locus
1094 2008 1168 2090 erit,
1189 2045 1233 2057 --
1253 2006 1349 2075 item·
1383 2012 1395 2075 ,¹

219 2090 399 2185 pierides
421 2089 467 2155 ita
489 2099 665 2180 usurpatos
689 2087 785 2178 singu
800 2113 847 2171 os,
869 2091 1009 2182 utquid
1031 2095 1151 2182 cuique
1169 2093 1350 2184 placuisset

218 2177 362 2246 breviter
391 2179 572 2257 enarraret,
607 2173 759 2266 apposito
787 2175 965 2266 unicuique
992 2177 1253 2268 interpretationi
1277 2181 1349 2269 ejus

219 2263 277 2356 qui
300 2261 504 2330 exhibuisset
525 2259 670 2328 nomine.
715 2259 824 2344 Haec,
846 2261 997 2353 inquam,
1018 2263 1133 2332 statim
1154 2264 1265 2346 vides3
1294 2288 1350 2332 ne·

220 2374 291 2444 que·
308 2348 397 2417 enim
420 2347 585 2436 estquod
609 2370 730 2424 verear,
753 2372 796 2415 ne
819 2347 941 2427 diversi
963 2359 1060 2439 putes
1081 2349 1230 2440 singulos
1245 2347 1350 2420 hosce

217 2437 311 2504 locos
335 2433 464 2523 generis
487 2455 570 2513 esse,
593 2441 694 2536 atque
710 2431 893 2528 Euphronii
909 2435 1045 2527 quidem
1066 2437 1264 2504 sententiam
1282 2459 1351 2503 rne-

220 2531 381 2590 moratam
402 2519 437 2586 in
459 2517 651 2608 Symmachi
674 2519 756 2586 libro
781 2520 882 2604 luisse
903 2521 986 2588 mibi
1009 2523 1187 2606 concedas,
1218 2533 1252 2590 at
1273 2523 1352 2590 Era·

219 2605 393 2685 tostbenis,
416 2603 608 2686 Aristarchi,
630 2603 822 2688 callistrati,
844 2604 994 2699 Didymi,
1018 2607 1158 2676 aliomm
1175 2632 1242 2676 nou
1257 2608 1352 2678 item.

221 2694 310 2782 Quid
334 2689 470 2760 autem?
494 2700 691 2782 poteramus
714 2691 838 2760 rectius
860 2717 957 2783 agere
980 2694 1144 2764 certiusve
1160 2719 1283 2765 ¹verum
1303 2694 1352 2762 in·

220 2779 349 2854 venire,
383 2801 483 2868 quam
510 2777 569 2844 uhi
591 2773 776 2860 codicibus,
809 2803 952 2868 quorum
973 2780 1107 2871 plenam
1128 2781 1350 2870 omnibusque

220 2865 368 2935 numeris
391 2862 578 2930 absolutam
599 2863 779 2954 im‘agiuem
799 2864 834 2931 in
856 2863 908 2933 his
932 2890 1065 2956 quoque
1078 2868 1231 2958 quamvis
1246 2867 1352 2935 minu·
1450 2939 1459 2950 ,
1529 2910 1531 2918 ·

220 2953 264 3020 tis
291 2952 390 3019 rebus
419 2950 542 3017 relerre
571 2949 731 3018 editiones
759 2975 820 3042 par
847 2962 902 3020 cst
922 2953 1072 3033 credere,
1107 2952 1273 3045 mancipio
1296 2976 1351 3022 me

222 3040 300 3108 dare
328 3036 580 3119 constitueram,
612 3035 658 3102 ita
674 3046 719 3103 'ut
739 3037 854 3127 putida
877 3039 1021 3130 quadam
1044 3039 1228 3132 diligentia,
1262 3039 1379 3130 quod‘

221 3149 357 3218 quoque
378 3122 607 3213 locensignum
624 3121 817 3224 posuissent
839 3125 880 3190 ad
895 3124 997 3192 distin
1021 3126 1178 3210 nendum,
1199 3136 1353 3198 accurate

222 3209 487 3300 contemplarer?
531 3209 634 3300 Atqu
656 3208 712 3274 illi·
726 3210 784 3277 ubi
804 3210 946 3278 habent:
1007 3207 1169 3296 ν’μμαχος·
1192 3248 1229 3260 -
1257 3235 1354 3303 aper·

223 3307 297 3368 tum
319 3306 373 3364 est
389 3293 540 3377 indicari,
562 3319 648 3385 quae
663 3305 843 3385 sequantur
856 3296 927 3389 ipsa
944 3321 1017 3366 csse
1032 3297 1226 3388 Symmachi
1235 3299 1353 3384 rerba,

270 3408 309 3451 ae
330 3379 544 3451 temerarium
567 3389 655 3450 esset
675 3380 858 3476 interrupta
881 3384 1017 3454 credere
1037 3382 1106 3454 his':
1137 3377 1355 3468 Ἀρίσταρχον

222 3409 277 3554 (δί’,
300 3503 343 3520 -··
370 3461 447 3532 ὅδὲ
469 3460 631 3552 Δίδυμος,
652 3461 911 3553 Καλλίστρατος
935 3467 988 3548 δέ,
1016 3481 1094 3550 ete„
1122 3470 1245 3561 quippe
1268 3494 1354 3561 quae
1418 3485 1423 3490 ’

222 3580 293 3626 non
315 3556 433 3624 eodem
454 3551 609 3642 insignita
632 3552 699 3622 sint
720 3554 864 3624 directae
886 3555 1041 3624 orationis
1064 3557 1159 3647 signo
1175 3559 1354 3649 exscripto·

224 3667 364 3733 rumque
392 3665 435 3710 ex
456 3640 540 3708 libro
568 3639 680 3731 aliquo
702 3641 842 3732 propriis
869 3644 973 3712 oculis
995 3654 1153 3736 usurpato
1174 3643 1368 3728 verborum

225 3731 345 3812 indice,
365 3751 429 3796 nec
449 3727 571 3820 scripta
591 3727 627 3794 in
647 3725 738 3796 bunc
759 3729 913 3798 modum:
934 3723 1150 3819 Ἀρίσταρχος
1163 3725 1216 3790 δέ·
1229 3765 1275 3780 -
1293 3723 1355 3793 Λί-

224 3879 427 3898 —ss-
466 3895 469 3904 ,

295 3959 446 4048 1)]’ἰοδοτι
463 3963 543 4048 hlem
561 3961 587 4033 l,
605 3965 678 4034 init,
699 3962 771 4050 unda
787 3967 816 4024 iu
832 3963 917 4052 schol,
936 3963 1247 4054 corrigendumthlpaptt

293 4033 322 4101 2)
341 4031 447 4084 Ελιυειι
464 4032 510 4089 bre
527 4032 622 4092 eodem
638 4055 719 4094 sonsa
731 4033 839 4094 ridetur
855 4045 982 4114 pontum,
998 4057 1053 4113 qno
1065 4035 1132 4092 abbr
1149 4056 1177 4092 an
1189 4035 1263 4092 brace
1275 4031 1354 4092 ecbo-

226 4095 272 4156 liis
288 4100 410 4169 παράγειν
425 4100 471 4157 val
488 4107 645 4174 παραφέρειν
660 4107 770 4178 legitur,
792 4105 810 4164 i.
827 4125 851 4163 c.
873 4105 1018 4164 deducere
1034 4104 1140 4184 aliquid
1156 4103 1265 4162 aliunde
1281 4113 1311 4162 ct
1325 4105 1356 4162 iu

225 4186 306 4226 cuum
323 4187 402 4224 neom
419 4178 587 4226 convertere.

285 4239 325 4392 ll
342 4235 788 4390 gimblculdbeldlrlnliribbgcudt
805 4309 1017 4388 rationemque
1034 4317 1091 4367 tota
1108 4327 1167 4368 mea
1184 4307 1355 4393 nititurnsan·

227 4380 326 4458 tentia,
351 4372 464 4433 candem
480 4374 581 4450 ubaque
598 4396 641 4460 mc
659 4381 777 4434 retinere
800 4389 880 4456 atque
898 4377 1006 4456 qualem
1023 4377 1094 4455 apud
1110 4377 1264 4436 Bellienum
1281 4397 1355 4435 ruve-

226 4461 324 4510 uerrm,
341 4461 475 4522 quamque
493 4459 586 4502 revera
604 4465 632 4501 m
650 4444 791 4503 codicibus
808 4449 952 4518 inventam,
969 4465 1024 4506 non
1040 4448 1074 4506 ab
1087 4446 1236 4504 editoribus
1248 4445 1357 4510 demun

227 4509 379 4590 prolectam
396 4530 473 4585 esse,
491 4531 541 4572 cur
556 4532 685 4590 negemus
701 4513 776 4576 nulla
793 4515 863 4590 jueta
882 4536 962 4576 causa
979 4518 1126 4594 excogitari
1142 4525 1243 4594 potest
