3250 5144
708 407 710 419 Ι
1238 293 1288 371 u

165 479 324 582 carpsisse
345 475 517 547 hominem
537 475 641 545 refert
661 472 849 568 quicunque
877 473 1007 568 scripsit
1079 499 1119 546 ae
1139 473 1291 570 Symma-

163 571 218 638 chi
240 565 499 660 interpretationi
521 564 738 655 praeeedunt‚
760 564 830 630 sive
852 563 1016 655 Didymus
1053 565 1100 632 uit
1121 564 1191 634 sive
1212 572 1291 635 Am·

162 655 310 724 monins:
345 647 482 731 γελοίως
509 647 567 711 dcci
595 645 635 724 τὸ
663 645 827 727 κυβευτὴν
854 633 940 709 εἶναι
966 649 1024 710 καὶ
1045 653 1080 711 ὲν
1099 649 1192 738 πυρῷ
1211 651 1293 728 τούς

163 736 308 826 ὄρτυγας
327 736 462 800 κόπτειν
476 742 517 817 ²),
540 725 646 808 silvae
667 732 772 796 αὐτὸν
788 733 850 795 νῦν
859 728 1106 826 Ἀριστοφάνης
1119 740 1292 821 προσεῖπε.
1325 768 1329 786 »

163 824 266 903 δηλοῖ
290 826 326 886 δὲ
353 825 454 885 τοῦτο
478 811 718 906 Ἀριστοφάνης
742 822 777 881 ἐν
805 817 1005 906 Περιαγγεῐ·
1043 821 1214 908 ,,χρηστὸν
1241 821 1289 905 μή

163 909 251 974 κατὰ
269 909 419 974 Μειδίαν
439 903 698 993 ὀρτυγοκόπον.“
735 906 822 988 λέγει
844 905 880 968 dt
902 906 938 969 ἐν
953 905 1166 998 Ποαστρίαις
1186 905 1205 969 ὁ
1226 906 1293 972 ad-

163 994 235 1080 τός,
259 991 303 1071 eie
323 995 380 1058 καὶ
402 997 478 1081 περὶ
499 992 675 1078 ἀλέκτορος
696 987 804 1056 αὐτοῦ
817 989 1070 1070 ἐσπουδακότος.
1107 991 1294 1074 διαβάλλε-

162 1104 222 1146 ται
243 1083 279 1144 δὲ
302 1081 348 1158 εἴς
368 1101 405 1144 τε
427 1074 607 1167 πονηρίαν,
631 1076 675 1154 ὡς
697 1075 848 1140 Πλάτων
870 1077 906 1142 ἐν
927 1078 1067 1160 Nisae,
1089 1081 1145 1145 καλ
1166 1082 1294 1160 κλοπῆς

164 1171 274 1252 (scrib.
289 1167 430 1272 κλοπὴν)
453 1162 649 1254 «inueniant,⁸
662 1160 707 1240 ὡς
726 1167 922 1247 Μεταγένης
944 1165 979 1229 ἐν
992 1162 1131 1256 Ὁμήρῳ,
1153 1168 1210 1231 καλ
1231 1187 1294 1230 σο-

164 1251 345 1342 τιφαντίᾳ.
389 1249 536 1334 κοβαλός
562 1273 599 1316 τε
627 1237 714 1314 εἶναι
742 1249 867 1334 ἐλέγετο
895 1254 952 1314 καὶ
978 1249 1219 1337 πτωχαλάζων,
1248 1250 1294 1330 ὥς

113 1334 120 1340 ’
205 1337 333 1427 parque
359 1337 395 1404 ἐν
419 1335 577 1427 Ἐπιάλτῃ
593 1344 624 1417 ²)
649 1380 694 1392 —-
736 1339 861 1408 Veram
891 1341 977 1408 enim
1004 1365 1083 1409 vero
1111 1365 1220 1432 neque
1249 1343 1294 1412 de

165 1427 355 1515 Περιαγγεῑ
379 1452 487 1520 neque
509 1429 551 1495 de
575 1419 789 1509 Ποαστρίαις
809 1427 1038 1519 Aristophanis
1061 1429 1180 1496 fabulis
1203 1427 1293 1518 quic.

164 1539 265 1606 quarn
288 1525 417 1582 constat
438 1539 500 1582 nec
522 1537 560 1582 ea
584 1513 710 1582 scholio
733 1513 831 1580 tribui
879 1524 967 1582 otest
983 1515 1075 1595 fides,
1097 1525 1135 1582 ut
1151 1525 1294 1605 utraque

164 1603 242 1670 inde
265 1601 376 1668 lahula
398 1602 433 1667 in
455 1600 698 1692 deperditarum
719 1539 945 1690 Aristophanis
973 1601 1218 1669 comoediarum
1240 1625 1293 1668 ca-

165 1691 311 1780 talogum
334 1689 500 1755 reseratur.
546 1687 634 1773 Quid
656 1688 746 1776 quod
767 1710 809 1753 ne
833 1711 849 1753 a
874 1689 1057 1754 mutatione
1079 1688 1213 1777 quidem
1236 1687 1295 1754 ali-

190 1801 247 1858 ua,
281 1797 366 1864 quae
393 1797 493 1876 quam
521 1773 664 1840 maxime
691 1771 815 1840 similes
845 1773 928 1840 alius
956 1774 1126 1862 cujusdam
1154 1773 1293 1842 notioris
1346 1820 1349 1832 .

164 1800 297 1930 iabulae
324 1861 449 1926 nomini
477 1859 595 1926 ductus
622 1860 806 1925 litterarum
832 1857 869 1924 in
895 1860 1057 1950 corruptis
1078 1859 1215 1928 vocibus
1238 1860 1295 1926 de·
1418 1914 1424 1930 τ

165 1959 279 2036 tegere
303 1947 429 2025 studet,
458 1945 581 2013 certius
604 1945 737 2034 aliquod
760 1956 794 2013 et
815 1945 1017 2037 probabilius
1044 1947 1201 2033 auxilium
1223 1945 1295 2037 peti

166 2057 265 2128 posse
293 2032 466 2098 videatur?
510 2031 661 2119 Namque
690 2033 751 2098 etsi
773 2055 839 2096 non
862 2031 1002 2098 absurde
1023 2056 1083 2122 pro
1112 2029 1298 2115 Περιαγγεῑ

166 2143 282 2214 posses
298 2114 491 2200 Πελαργοῖς
507 2115 717 2184 scribendum
735 2139 808 2182 esse
823 2117 991 2206 suspicari,
1013 2129 1101 2185 esset
1115 2128 1296 2201 tamem--

168 2231 271 2300 quum
300 2203 442 2270 eundem
468 2204 639 2291 utriusque
663 2203 792 2268 fabulae
821 2213 989 2270 auctorem
1014 2226 1087 2271 esse
1108 2203 1235 2272 indicet
1256 2205 1295 2272 il·

165 2295 225 2361 lud
247 2286 266 2352 ὁ
289 2281 398 2366 οὗτός,
413 2329 457 2339 -—-
478 2290 585 2356 simile
608 2289 707 2356 etiarn
723 2285 929 2368 Πῡαῡηιιῶν
949 2312 1071 2358 nomen
1086 2291 1301 2374 mutandum,¹
1323 2323 1331 2338 ·

167 2380 258 2472 quod
285 2379 319 2444 iu
341 2400 440 2466 quem
468 2376 569 2442 alium
591 2386 689 2442 notae
712 2384 746 2443 et
768 2375 929 2464 genuinae
951 2375 1060 2444 Aristo
1084 2373 1179 2443 hanis
1201 2375 1296 2443 labu-

166 2467 219 2534 lae
241 2465 385 2530 indicem
407 2461 621 2552 probabiliter
642 2471 768 2529 mutem
784 2485 850 2528 non
865 2461 1008 2530 invenio.
1059 2401 1157 2548 huod
1181 2473 1296 2532 autem

167 2551 350 2620 maximum
373 2559 438 2627 est,
461 2547 524 2614 hoc
547 2548 656 2699 ipsum
678 2571 799 2614 nomen
822 2548 862 2614 ah
886 2547 1104 2640 Aristophane
1126 2548 1224 2639 plane
1245 2573 1297 2616 re·
1368 2613 1373 2634 p

168 2637 269 2706 trahit
297 2634 442 2701 animum
465 2645 544 2700 ,eta
592 2633 816 2722 Phrynicbum
838 2635 937 2725 rapit,
971 2637 1065 2724 cujus
1088 2636 1231 2724 aliquam
1253 2657 1296 2703 eo

169 2723 304 2794 nomine
325 2719 516 2810 inscriptam
531 2719 632 2787 luisse
648 2721 794 2788 fabulam
812 2732 942 2787 constat
957 2723 998 2806 ³).
1035 2721 1102 2789 Sed
1119 2722 1175 2812 qui
1191 2722 1297 2790 semel

170 2814 211 2882 ah
235 2809 342 2877 Aristo
368 2808 452 2874 hane
474 2808 661 2889 recesserit,
689 2829 756 2874 non
779 2806 941 2874 dubitabit
968 2806 1065 2873 simul
1088 2831 1165 2874 eum
1186 2807 1297 2876 Meur-

170 2899 221 2966 sio
235 2898 267 2980 4)
290 2905 325 2962 et
344 2831 489 2982 liustero
512 2893 553 2960 ad
576 2892 607 2960 h.
623 2893 646 2958 l.
667 2894 896 2984 pronuntiare,
925 2894 1024 2961 verba
1047 2893 1108 2961 ista
1137 2917 1204 2961 non
1225 2893 1298 2960 Ari-

170 2980 341 3074 stophanis
372 3003 445 3047 esse
474 2974 510 3038 ἕν
532 2976 731 3064 Romami,
764 2979 823 3048 sed
845 2971 992 3046 Plelonis
1020 2980 1137 3047 cornici
1166 2973 1200 3042 ἐν
1222 2977 1298 3040 Ile-
1346 3015 1351 3028 ι

173 3069 308 3154 ριαλγεῐ
320 3068 369 3149 ⁵);
389 3065 478 3155 quod
500 3065 605 3156 probo
627 3064 758 3134 illorum
779 3066 923 3132 virorum
945 3065 1121 3154 judicium;
1143 3067 1223 3132 illud
1240 3091 1298 3137 au-

43 3199 47 3222 ,
170 3167 241 3225 tem
267 3152 435 3244 improbo,
469 3152 560 3242 quod
587 3152 737 3219 Platonis
763 3150 915 3218 restituto
943 3152 1077 3219 nomine
1105 3151 1299 3245 scriptoque

172 3235 364 3326 Περιαλγεῖ
385 3238 499 3305 turbas
530 3261 644 3305 omnes
667 3237 894 3329 composuisse
918 3260 954 3304 se
977 3239 1129 3310 videntur
1150 3249 1300 3330 putasse.
1341 3305 1344 3324 ,

172 3329 428 3419 componuntur
449 3331 569 3390 autem·
583 3325 623 3390 ab
647 3326 736 3391 omni
755 3333 850 3415 parte
872 3323 901 3390 si
922 3325 967 3390 ita
987 3349 1119 3392 meeum
1133 3324 1299 3394 scholium

172 3413 358 3508 scripseris:
379 3407 482 3486 δηλοῖ
493 3407 528 3472 δὲ
544 3409 645 3474 τοῦτο
665 3405 772 3488 πλὴν
784 3407 858 3472 τοῦ
868 3403 1133 3499 Ἀριστοφάνους
1148 3403 1300 3474 Πλάτων

168 3599 374 3622 m

241 3725 270 3794 1)
289 3721 332 3779 De
348 3720 393 3780 hia
409 3719 464 3782 vid.
475 3715 744 3850 mul-Lefflrdum’
760 3717 902 3805 Emendat.
913 3717 952 3804 λλ.Ι
962 3721 1014 3780 oh
1031 3741 1066 3777 ι·
1083 3719 1193 3805 Gruter.
1203 3715 1270 3776 Lam

129 3833 136 3860 ,
173 3789 251 3849 Ten.
268 3791 304 3859 ll,
321 3811 347 3870 p.
365 3798 408 3878 ²⁷:
427 3793 472 3869 qul
490 3809 594 3876 corrige
632 3809 677 3847 una
695 3789 860 3880 censuitvel
878 3794 903 3840 λι
919 3809 1021 3860 rra-pyrgi,
1039 3790 1084 3876 qol
1101 3794 1126 3842 λι
1141 3805 1235 3866 rupa„
1253 3789 1303 3846 A·

173 3859 679 3998 {qrqrqelpqpupeppqpoppqutrpq53qu
690 3857 748 3982 di..
762 3857 840 3915 Sard.
857 3859 907 3916 sub
930 3858 1117 3929 ὀρτυγοκοπος·
1139 3857 1232 3912 παιδια
1251 3873 1300 3928 τις,

217 3981 271 4065 ⁶2)
297 3995 341 4050 De
367 3995 418 4052 hac
443 4000 560 4056 nominis
587 3981 673 4056 idcina
694 3987 830 4052 illeiuelrio
855 3989 1000 4064 assentior,
1027 3993 1138 4056 {tuaest
1160 3993 1241 4052 Scen.
1263 3989 1299 4064 Il,

172 4085 200 4143 P·
217 4069 339 4201 sdiqiil.
357 4109 434 4215 s'ptd.
451 4133 501 4190 sub
523 4133 662 4217 Φοάιιχοι,
685 4143 713 4189 et
729 4131 848 4218 Brunclr.
867 4129 901 4187 ad
918 4129 1057 4216 Aristopb.
1074 4131 1179 4207 Fregm.
1196 4123 1201 4136 ’
1217 4135 1301 4214 ..212

175 4201 344 4277 Quamquam
362 4199 483 4272 elusdem
500 4199 572 4259 titula
590 4201 809 4280 iabqlaMagnetr
822 4219 927 4278 quoque
939 4199 1121 4268 tribuebatur3
1139 4199 1173 4259 cl.
1214 4198 1301 4256 ασελ.

174 4272 287 4464 amet?
298 4269 467 4396 ἕλελλλελλτλι.
483 4276 518 4394 in2
519 4313 657 4422 biblioth.
673 4335 755 4422 Attis.
775 4356 803 4416 p.
822 4337 902 4408 last,
929 4333 976 4415 qui
997 4347 1087 4395 tarum
1108 4333 1300 4414 Aristophanis

173 4405 844 4552 eambibouiitlnmhhobhiihilatihiii:Addidisorem
860 4472 977 4532 llIaiuelr.
994 4472 1123 4552 produxit
1139 4474 1168 4532 in
1186 4471 1300 4552 Quaeret·

172 4543 254 4604 Scea.
270 4543 307 4616 ll,
323 4565 353 4623 p.
368 4551 412 4618 22,
428 4577 464 4592 -
479 4542 653 4605 scholiastaur
668 4541 792 4616 Luciaui,
810 4543 887 4602 Tom.
905 4543 939 4602 ll.
955 4563 983 4622 p.
999 4549 1061 4609 cao,
