3250 5144
212 487 274 530 uae
295 461 329 530 io
352 459 472 530 nostris
494 458 696 530 editionibus
713 471 885 554 comparet
904 458 1003 530 lectio
1024 457 1148 520 tronus
1151 467 1260 562 ,qtum
1280 461 1315 528 in

186 485 270 618 San.
288 555 353 620 744
372 548 594 640 Symmachus
617 559 654 616 ut
669 547 942 639 Aristophaneam
963 545 1140 616 lectionem
1158 545 1314 638 interpre-

185 643 274 702 tatur
287 627 408 713 μάλλ’,
432 633 453 706 i.
469 658 499 702 e.
520 628 567 714 μὴ
583 626 685 710 ἀλλά,
705 633 789 702 atio
804 633 934 702 Veneto
950 644 1001 702 est
1020 627 1125 714 μαλ’;
1145 641 1313 725 postremo
1397 677 1400 688 ·

186 719 270 788 duos
293 721 385 790 locos
408 720 527 810 adjicio
550 744 592 788 ex
614 721 678 800 eis,
701 720 735 787 in
757 719 876 810 quihus
898 744 998 812 quam
1020 719 1242 873 Symmachus
1264 744 1314 788 se·

184 816 310 908 quritos
337 806 369 874 in
399 806 645 900 interpretando
672 805 715 874 sit
739 806 919 874 lectionem
946 829 1014 872 non
1060 807 1157 874 iserte
1179 805 1314 898 quidem
1338 848 1342 862 x

184 915 356 1044 :peiusque
385 891 496 960 addito
524 893 658 960 nomine
681 893 714 960 in
737 891 871 962 scholiis
894 902 1110 974 memoratur,
1139 887 1180 959 at'
1194 902 1313 983 sponte

209 979 371 1046 elabimur
391 979 432 1046 ad
456 1002 529 1046 eam
553 978 760 1069 opinionem,
774 989 812 1046 ut
834 977 1026 1069 Symmachi
1049 978 1313 1046 observationem

164 1075 350 1142 servatam
377 1075 549 1156 putemus;
581 1067 615 1134 iii
642 1064 745 1134 schol.
769 1063 859 1132 enim
886 1065 925 1132 ad
950 1064 1030 1132 Ran.
1053 1073 1119 1136 320
1148 1075 1218 1131 tum
1247 1065 1312 1134 alia

184 1151 371 1220 traduntuai
386 1150 466 1219 satis
489 1152 602 1234 docta,
634 1162 705 1218 tum
729 1151 825 1230 illud,
852 1149 1090 1242 Apollodorum
1113 1145 1311 1220 Tarsensem

183 1237 304 1324 legisse
327 1261 392 1304 non
408 1231 577 1318 Διαγόρας
598 1233 712 1327 (quam
734 1238 931 1328 explicatam
952 1236 986 1304 io
1008 1235 1135 1304 scholio
1151 1236 1311 1310 habemus

162 1322 391 1402 lectionem),
414 1325 473 1390 sed
495 1319 542 1384 δι’
559 1318 702 1404 ἀγοράςς
723 1323 808 1392 hanc
831 1321 942 1391 autc'm
958 1323 1063 1414 ipsam
1078 1323 1254 1390 lectionem
1277 1324 1312 1392 iu

181 1419 343 1477 contextu
365 1409 465 1478 hahet
487 1410 593 1478 codex
610 1409 766 1490 Venetus,
788 1410 897 1478 addita
920 1421 1030 1477 tamen
1052 1419 1145 1476 nota:
1171 1428 1213 1496 γρ
1234 1405 1312 1470 dta—
1435 1463 1439 1472 i

179 1489 295 1578 νόρας.
344 1495 503 1564 Similiter
530 1495 694 1582 in,schol.
719 1495 795 1564 l'ac.
823 1505 885 1569 797
912 1495 1133 1586 Symmachus
1159 1535 1203 1544 -
1232 1517 1310 1562 nam
1402 1565 1405 1575 ,

178 1581 271 1649 hunc
293 1581 352 1648 ista
378 1581 548 1672 scripsisse
571 1581 689 1672 quovis
710 1584 848 1673 pignore
872 1582 1069 1650 contendam
1091 1618 1134 1630 -
1163 1581 1309 1672 Didymo

180 1668 387 1759 obloquitur,
418 1668 474 1756 qui
511 1663 933 1756 [ἐνδιαεριῙαυερινηχὲτους
964 1666 1145 1759 scripserit,
1171 1671 1309 1760 ipseque

178 1754 286 1820 aliam,
306 1756 424 1844 prohat
450 1753 644 1836 lectionem,
677 1779 762 1844 quae
790 1779 856 1822 non
887 1753 1002 1823 dubito
1029 1754 1108 1844 quin
1138 1755 1309 1830 caluerit,

178 1863 280 1929 quam
317 1839 479 1928 Reisigius
504 1843 530 1926 ¹)
565 1840 769 1930 excogitavit
804 1837 1236 1923 ἐνδιαεριαιθερινηχέτους·
1277 1851 1311 1908 at

178 1950 248 1992 non
270 1926 481 2016 Symmachi..
494 1927 554 1993 sed
569 1925 707 2014 Didymi
729 1926 827 1994 lectio
848 1928 883 1994 in
906 1927 1019 2012 codice
1036 1925 1165 1994 Veneto
1189 1936 1249 1992 est.
1264 1963 1307 1976 ·-

177 2012 242 2078 His
264 2011 423 2102 exemplis
446 2011 507 2078 alia
531 2037 663 2114 possem
679 2014 809 2094 addere,
832 2012 894 2080 nisi
910 2013 962 2079 vel
976 2012 1024 2080 sic
1039 2011 1118 2080 satis
1134 2021 1309 2103 constaret,

179 2122 250 2164 uun
273 2121 348 2164 eam
370 2120 443 2165 esse
466 2098 617 2166 editionis
640 2122 739 2189 quam
760 2098 982 2188 Symmachus
1004 2099 1037 2166 in
1061 2099 1308 2189 interpretando
1396 2087 1408 2110 ⁵

174 2183 390 2272 sequebatur,
413 2192 447 2251 et
470 2183 591 2252 codicis
615 2184 732 2252 Veneti
755 2183 1016 2268 similitudinem,
1037 2187 1168 2273 qualem
1193 2197 1307 2274 exspe-

176 2267 459 2361 ctari'oportereh
483 2269 510 2336 si
526 2270 630 2337 codex
654 2269 709 2338 ille
732 2293 773 2338 ex
788 2269 980 2360 Symmachi
1004 2271 1195 2338 recensione
1218 2279 1307 2336 esset

175 2356 366 2422 adornatus.
410 2355 509 2422 Unde
529 2356 600 2448 ipsa
622 2355 678 2424 illa
702 2358 743 2424 de
760 2357 954 2447 Symmachi
977 2356 1167 2424 recensione
1191 2355 1304 2446 opinio

175 2464 247 2508 non
270 2441 478 2509 mediocriter
498 2441 644 2523 vacillat,
667 2467 867 2531 quamquam
883 2442 1013 2533 penitus
1037 2467 1108 2510 earo
1132 2441 1189 2508 illo
1213 2466 1304 2530 argu·

176 2536 295 2594 mento
319 2539 465 2594 evertere
489 2551 554 2594 oon
577 2528 693 2618 possis,
716 2529 983 2618 quandoquidem
1005 2521 1134 2634 pr'aeter
1155 2525 1304 2615 Symma-
1358 2526 1361 2550 ¹

175 2613 282 2682 clarae
304 2613 446 2680 aliorum
468 2637 610 2704 quoque,
634 2621 671 2682 ut
686 2614 814 2694 Phaini‚
835 2615 1035 2684 recensionis
1058 2612 1193 2702 vestigia
1214 2613 1247 2678 in
1260 2628 1304 2679 ro

175 2699 294 2766 codice
316 2709 488 2788 superesse
512 2699 719 2768 Hermannus
741 2701 886 2792 objiciet.
933 2702 1002 2770 Sed
1024 2702 1080 2768 ubi
1103 2697 1304 2780 memineris,

168 2785 344 2854 *vacillanti
373 2809 433 2876 per
453 2809 490 2852 se
513 2786 658 2876 opinioni
687 2787 935 2854 fundamentum
963 2812 1030 2877 quo
1053 2787 1233 2862 nitebatur,
1264 2783 1304 2850 si-

175 2873 250 2938 mul
271 2895 361 2940 surrc
389 2883 457 2938 tum
471 2895 551 2940 *esse
568 2874 693 2964 aptiore
709 2873 990 2964 interpretatione,
1013 2882 1147 2940 corruet
1161 2871 1231 2936 sine
1247 2870 1303 2936 du-

175 2957 260 3039 bio,¹
278 2968 316 3024 ut
338 2897 385 3023 abJ
402 2957 463 3026 hac
486 2983 618 3049 quoque
645 2969 740 3049 parte
767 2961 832 3026 tuti
855 2963 921 3049 jam
948 2959 1114 3051 possimus
1144 2955 1304 3024 allirmarc

177 3045 324 3110 nondum
348 3043 522 3134 quicquain
546 3043 709 3112 intentum
733 3068 822 3127 esse,
849 3047 941 3135 quod
964 3056 1061 3135 cogat
1083 3049 1143 3112 nas
1172 3053 1209 3109 ut
1233 3067 1304 3134 pro-

178 3130 282 3220 priam
312 3131 456 3218 aliquam
488 3131 671 3220 'ustamque
694 3131 880 3198 fabularum
902 3130 1214 3224 Aristophanearum
1238 3129 1302 3198 eili-

177 3216 302 3284 tionem
323 3154 562 3307 Symmachum
584 3217 769 3285 elaborasse
792 3228 959 3310 putemus.

684 3422 713 3510 ξ.
740 3432 794 3496 30.

264 3556 391 3644 Quodsi
421 3554 519 3645 igitur
546 3557 579 3625 iu
608 3571 700 3628 tanta
729 3563 776 3629 rei
811 3559 1010 3628 obscuritate
1037 3539 1304 3650 prbhabilitatem

177 3643 361 3744 sequimur,
388 3641 474 3709 ultra
497 3667 596 3736 quam
619 3649 771 3736 progredi
794 3648 936 3713 hicnon
960 3646 1053 3725 licet,
1082 3643 1303 3748 Symmachus
1331 3653 1333 3668 ⁴

178 3727 454 3820 Aristophaneam
476 3725 664 3810 διόρθωσιν
687 3756 752 3801 non
770 3733 954 3814 adornauit.
998 3731 1088 3820 Ergo
1110 3739 1304 3833 interpreta-
1348 3733 1350 3810 j

178 3812 302 3880 tioneui
331 3840 423 3882 suain
452 3815 493 3882 ad
516 3817 597 3884 alius
621 3819 804 3910 cujuspiam
830 3829 1021 3888 contextum
1046 3817 1240 3907 applicavit,
1269 3815 1302 3880 iil

178 3899 267 3986 quod
295 3911 424 3967 veteres
451 3891 497 3968 illi
527 3904 722 3995 interpretes
751 3905 838 3972 haud
861 3906 904 3972 ita
926 3923 1001 3970 raro
1025 3903 1199 3969 faciebant.
1243 3899 1303 3978 lta,

73 4011 76 4018 ¹
177 3993 215 4050 ut
244 4008 320 4051 cum
349 3986 489 4055 obscuro
518 3991 671 4083 exemplo
701 4015 857 4080 maguum
884 4001 917 4058 et
939 3990 1066 4056 illustre
1093 4010 1303 4078 componam,

293 4135 295 4142 ¹
796 4139 800 4156 i

247 4171 273 4235 l)
293 4165 336 4224 Cf·
355 4170 466 4242 l’tcisigii
486 4175 643 4248 conjectam.
661 4201 687 4256 p.
706 4184 769 4242 3133
791 4173 914 4248 Reisigio
933 4178 1076 4230 assentitur
1095 4173 1303 4230 brionnae-

176 4235 259 4304 Quod
278 4247 365 4292 autern
385 4241 417 4296 ad
436 4245 626 4318 Syiirruachimi
651 4249 758 4310 attinet,
785 4249 835 4302 ista
863 4243 927 4300 milii
952 4241 1106 4298 considera:
1134 4244 1253 4306 Αίδυμοι
1275 4241 1304 4288 ὁ*

175 4300 331 4370 Mttltlmtt'tu
355 4307 433 4373 ltywv
454 4311 651 4377 ui'epirqzdrooc,
687 4315 717 4366 ori
735 4315 786 4382 γὰρ
805 4315 920 4379 lryuvoir'
937 4315 1016 4380 orii'pu
1035 4309 1115 4364 oriani.
1150 4310 1302 4372 ouvelais-'ili

177 4375 272 4429 αὖτοὺς
290 4380 458 4441 somnisonni
470 4378 503 4439 ὡς
515 4383 593 4448 ἀέρας
605 4388 648 4434 καὶ
667 4386 799 4450 eripitur,-
817 4415 848 4424 -
867 4385 1004 4438 ποιοῑνιας
1022 4389 1102 4456 (quae
1116 4378 1229 4455 repetita
1242 4387 1304 4432 suut

178 4442 206 4498 iii
224 4443 309 4500 schol.
327 4445 360 4500 ail
381 4469 403 4500 i.
421 4454 496 4514 tuat,
519 4453 617 4523 qhihus
635 4455 857 4519 ιένιρινιχεὶουι,
881 4449 951 4525 quod
971 4452 996 4503 iii
1016 4447 1156 4504 corticibus
1173 4457 1225 4514 cst,
1245 4458 1304 4499 tvo·

164 4514 249 4591 'vixiit
270 4515 389 4572 minimi·⁴
412 4527 438 4570 rt
457 4519 572 4592 ttrtngi'i
593 4523 749 4593 iriiiqrrtririi.
764 4521 883 4574 roriirnlt
903 4520 1016 4592 cgrigle.
