3258 5134
308 269 366 366 uu

307 467 426 549 idotte'
439 471 493 544 vel
506 471 717 541 doctissimis
729 469 963 562 grammaticis·
977 475 1140 568 anxieque
1162 479 1272 547 omnia
1294 482 1437 575 untiqui'

305 563 383 630 tatis
406 569 620 628 monumenta
636 558 836 627 rimantibus
857 571 927 630 tarn
947 585 1064 653 parum
1086 587 1244 656 prospere
1266 581 1435 638 cesserant

304 659 344 727 ut
371 671 464 728 suam
492 645 554 736 ipsi
584 644 754 712 inscitiam*
774 645 916 734 ingenue
940 648 1190 732 confiterentur,
1210 689 1255 703 ·-
1279 656 1431 722 nonnulli
1511 703 1513 710 ι

303 735 393 827 iique
419 757 483 800 nec
505 731 592 800 docti
620 755 683 798 neo
705 733 847 798 accurati
874 733 969 823 quasi
990 734 1124 823 quidam
1145 747 1237 806 vates
1259 741 1361 808 solius
1381 741 1438 810 in.

304 822 392 910 genii
402 819 507 886 'vanis
529 817 661 893 viribus,
673 816 793 884 leviter
811 827 845 884 et
859 831 1046 908 arroganter
1061 821 1190 891 solvere
1206 825 1428 912 conabantur,

304 907 357 978 cui
385 907 519 997 quidem
548 895 697 983 libidini,h
720 908 787 994 qob
808 903 883 993 quis
914 916 984 972 erat
1004 908 1167 974 recentior
1186 915 1300 978 aetate'
1315 913 1428 1004 itaque

303 995 414 1061 minus
441 991 543 1059 solida
570 988 719 1057 doctriua·
744 989 891 1080 adjutus,
925 1013 965 1058 eo
987 992 1118 1082 saepius
1145 1004 1180 1061 et
1200 995 1357 1066 libentius
1379 1000 1427 1066 in·

302 1081 438 1169 dulgere
466 1078 602 1145 solebat.
651 1073 725 1142 Ja'm
745 1077 918 1142 contende
946 1075 1028 1144 mibi
1055 1078 1134 1145 illud
1165 1081 1206 1146 ad
1231 1082 1317 1152 Plut.
1341 1093 1425 1157 1037

302 1166 474 1244 scholium,
496 1163 584 1230 uude
603 1159 746 1253 primum
763 1162 853 1229 bane
870 1163 1098 1232 commentarii
1112 1164 1344 1263 Aristophanei
1358 1195 1435 1240 me,

288 1236 441 1319 'm'oriarn
461 1248 729 1329 instauravimus,
756 1269 832 1314 cum
855 1247 983 1316 duobus
1010 1250 1144 1340 reliquie
1173 1277 1259 1342 quae
1287 1256 1327 1322 ad
1349 1253 1428 1324 eunss

302 1338 380 1406 dem
402 1336 632 1428 explicandum
654 1355 787 1402 versum
808 1333 928 1426 scripta
950 1336 1183 1418 sunt;.borum
1205 1340 1295 1432 prins
1316 1341 1427 1433 ipsum

302 1447 435 1531 quoque
456 1432 497 1489 ut
517 1421 552 1488 in
572 1443 608 1487 re
631 1420 769 1488 obscura
791 1417 889 1508 louge
912 1421 955 1487 ab
977 1421 1161 1490 omnieatis
1177 1435 1286 1493 certae
1300 1429 1426 1513 sapien·

300 1521 366 1578 trae
389 1509 552 1597 nimisque
575 1506 638 1573 sibi
661 1505 898 1574 obveritatem
921 1507 1089 1576 inventam
1111 1512 1297 1614 plaudentis
1313 1537 1431 1604 rupen.

299 1596 382 1662 biae
396 1595 509 1686 specie
529 1600 694 1660 remotum
717 1601 784 1674 est;
801 1591 874 1658 'nec
895 1591 952 1682 qui
970 1596 1038 1661 boc
1051 1595 1191 1687 *scripsit
1209 1597 1310 1689 priori
1331 1601 1425 1668 sobo·

298 1683 345 1750 lio
369 1705 427 1748 sua
450 1681 559 1759 debet,
582 1677 642 1745 sed
663 1677 806 1744 eundem
828 1678 938 1768 potius
961 1689 1061 1772 atque
1082 1680 1163 1747 illud
1185 1684 1310 1750 iontem
1333 1709 1425 1752 usur-

298 1767 392 1859 pavit
407 1770 450 1848 ¹)-
494 1769 580 1834 Nam
602 1763 784 1831 secundum
806 1762 1018 1831 scholiastam
1033 1787 1100 1832 non
1116 1769 1326 1860 exscripsisse
1340 1771 1426 1863 prio·

299 1879 371 1932 rem
392 1853 473 1920 illud
495 1852 595 1919 fidem
616 1849 706 1931 iacit,
728 1849 818 1938 quod
840 1873 924 1939 quae
946 1850 988 1917 de
1009 1849 1199 1942 Hyperboli.
1212 1857 1299 1945 apud
1313 1856 1424 1948 Eupo·

299 1942 402 2007 lidem
434 1949 537 2006 matre
566 1937 678 2015 tradit,
710 1935 810 2027 pau'lo
838 1946 916 2002 sunt
943 1960 959 2000 a
986 1938 1102 2027 priore
1129 1939 1255 2008 scholio
1285 1941 1423 2010 diversa.

298 2026 402 2094 Tota·
416 2036 528 2092 eutem
554 2021 690 2090 secundi
718 2021 834 2088 scholii
864 2019 1082 2092 conformatio
1104 2025 1219 2116 prioris
1241 2026 1284 2094 ito
1309 2038 1360 2096 est
1380 2030 1427 2097 si·-

297 2112 397 2194 milis,
417 2121 456 2177 ut
477 2134 544 2178 non
565 2109 672 2200 possit
690 2117 867 2197 utrumque
889 2131 956 2174 non
979 2133 1021 2176 ex
1039 2109 1156 2177 eodem
1173 2112 1258 2179 libro
1272 2113 1424 2204 deprom-

297 2208 392 2291 ptum
414 2196 538 2278 videri3·
561 2194 615 2262 c‘ui
636 2215 679 2260 ne
694 2215 791 2270 team,
818 2194 1040 2282 quam'modo
1063 2197 1169 2285 attigi,
1197 2196 1422 2280 diversitatem

299 2307 463 2376 opponas:
494 2282 664 2370 utriusque
692 2278 888 2346 scholiastae
909 2281 1129 2350 narrationem
1151 2282 1352 2373 lepidissimo
1373 2286 1424 2356 ἰη-Ι

289 2357 402 2438 'vento
421 2393 483 2436 nec
504 2367 638 2456 indigno
660 2364 718 2432 illo
739 2363 924 2456 Eupolidea
946 2364 1041 2432 illusa
1065 2365 1153 2435 inter
1172 2393 1209 2436 se
1230 2372 1422 2442 conciliavit

201 2491 210 2514 a
295 2455 497 2524 Fritzschius
512 2457 560 2538 ²),
583 2454 676 2542 cujus
698 2451 769 2546 ipsa
789 2452 900 2543 placet
920 2451 1020 2519 verba
1042 2476 1224 2545 apponere:
1251 2468 1365 2538 „recte
1387 2469 1422 2528 et

296 2542 386 2634 prior
408 2540 639 2630 grammaticus
661 2535 785 2630 prodit,
813 2536 1001 2606 Maricantis
1022 2551 1193 2630 parentem
1214 2565 1291 2610 cum
1318 2539 1421 2630 τηλίᾳ

220 2657 223 2662 ·
296 2637 521 2718 comparatam
542 2647 631 2703 esse,
654 2633 689 2688 et
709 2622 813 2711 magis
836 2623 1006 2692 enucleate
1030 2626 1111 2692 alter
1132 2628 1241 2710 docet,
1263 2630 1421 2698 Marican'-
1485 2671 1487 2678 ι

296 2713 341 2780 tis
365 2735 437 2779 ossa
460 2711 494 2778 in
515 2704 638 2784 τηλίαν
661 2707 781 2798 injecta
804 2707 907 2778 luisse
930 2709 1004 2777 dici.
1052 2709 1138 2779 liam
1159 2713 1298 2804 Eupolis
1321 2716 1418 2784 Doco

295 2800 467 2892 pistrinam
496 2818 573 2864 curu
599 2790 702 2877 τηλῐᾳ
730 2794 778 2861 sic
806 2806 1051 2885 comparaverat
1078 2797 1120 2863 ob
1147 2798 1419 2889 pinguitudinem,

295 2895 337 2952 ut
356 2908 430 2951 ossa
454 2881 636 2974 Hyperboli
662 2879 697 2946 in
718 2876 805 2947 hane
829 2880 977 2949 tabulam
1002 2876 1148 2966 (τηλίαν)
1175 2885 1294 2975 injecta
1318 2887 1422 2960 fuisse*

297 2970 495 3050 ostenderet,
520 2991 559 3038 eo
576 2966 731 3036 videlicet
744 2975 908 3051 temporo,
927 2991 993 3056 quo
1009 2967 1207 3037 illafoetum
1223 2985 1419 3066 conceptum

295 3058 330 3124 in
356 3066 451 3124 utero
474 3059 666 3146 gestasset.“
686 3091 731 3104 ·-
773 3051 860 3120 Hinc
887 3065 1022 3146 apparet
1043 3079 1101 3122 sua
1125 3067 1300 3148 utrumque
1322 3057 1416 3128 scho-

294 3145 425 3210 liastam
447 3141 589 3209 scribere
610 3139 830 3233 potuisse,‘si
853 3143 996 3207 eundem
1016 3150 1155 3231 uterque
1178 3141 1305 3211 iontem
1326 3168 1418 3213 usur·

295 3231 410 3322 pabat,
443 3250 509 3294 non
532 3226 620 3308 litem
647 3227 675 3294 si
696 3223 858 3316 posterior
883 3227 1027 3318 priorem
1054 3227 1242 3318 exscripsit
1257 3267 1302 3282 ·-
1342 3231 1418 3303 Jirn

294 3339 373 3384 vero
404 3313 483 3382 vide
511 3314 645 3380 tertium
677 3309 904 3394 scboliastam,
925 3313 1003 3402 .qui
1031 3313 1169 3380 'doctum
1197 3316 1418 3405 antiquiorum

280 3401 582 3491 grammaticorum
604 3398 645 3466 de
666 3396 902 3485 significatione
923 3396 1014 3467 vocis
1035 3391 1325 3473 rolin-certamen
1347 3404 1416 3470 bre·

239 3493 243 3502 '
293 3488 380 3555 viter
401 3485 583 3576 leviterque
605 3484 650 3551 ita
673 3483 811 3564 dirimit,
831 3492 870 3549 ut
889 3477 1086 3559 rotioubic
1107 3509 1166 3576 pro
1188 3481 1344 3573 καρδόπῳ
1366 3511 1416 3555 ac.

294 3573 485 3662 cipiendum
514 3595 587 3640 esse
614 3569 721 3637 edicat
746 3567 894 3636 admistis
915 3567 1030 3637 alienis
1052 3570 1232 3651 nonnullis,
1265 3574 1415 3662 quaead

294 3658 530 3727 ostentandam
547 3657 732 3726 doctrinam
753 3655 858 3743 magis
873 3679 973 3762 quarn
991 3656 1032 3722 ad
1047 3657 1279 3748 explicandum
1293 3660 1414 3728 Aristo·

293 3745 438 3837 phanem
460 3743 580 3834 scripta
604 3752 697 3810 sunt:
721 3750 759 3808 ut
781 3751 936 3832 appareat
956 3742 1111 3810 ultimum
1129 3729 1415 3813 scholiasrardm-

293 3833 411 3934 yitium
433 3835 506 3898 esse
528 3839 713 3930 auctorem,
745 3826 1022 3928 reliquosnautem
1044 3829 1125 3929 duo,
1154 3829 1211 3981 spui
1232 3823 1415 3915 ὑπρμνημα

293 3919 383 3987 istud
404 3917 616 4010 usurpabant,
636 3915 755 3982 ultrmo
778 3924 988 4005 antrqurores.
1010 3949 1053 3966 -
1085 3915 1168 3984 Sum
1181 3925 1242 3986 rter
1256 3916 1298 3986 de
1313 3918 1415 3988 altero

361 4122 389 4190 1)
405 4119 528 4196 itemque
546 4119 629 4178 elium
645 4137 676 4177 re
693 4137 773 4196 qnam
788 4118 927 4196 proprium
944 4117 1079 4190 ingenium
1096 4111 1192 4176 docem
1212 4121 1291 4198 sequi
1307 4105 1416 4183 tutior,

330 4207 453 4276 amquam
471 4187 610 4273 paululum
626 4189 782 4273 obpouriue3
799 4186 926 4271 itaUenim
936 4183 1071 4306 lopuitur:
1091 4186 1168 4249 roilo
1185 4189 1232 4251 itt·
1248 4193 1331 4258 pon
1347 4185 1416 4278 eoo:

305 4275 370 4310 auro
394 4275 506 4324 canopos,
531 4259 576 4308 lor
593 4259 621 4309 di
638 4276 670 4307 το
692 4259 718 4308 ἰν
734 4259 847 4374 Magum
864 4255 959 4324 upooti
983 4275 1013 4324 p,
1041 4257 1106 4308 irtio
1123 4256 1158 4312 ris
1173 4257 1264 4320 τηλίαν
1285 4273 1363 4328 φησι
1385 4275 1418 4308 ru

290 4330 339 4378 rob
352 4323 507 4394 Ὑπερβόλου
523 4324 590 4377 o'orr'r'
605 4327 762 4392 βεβλῆσθαι,

292 4415 341 4452 eur
363 4415 413 4451 nec
438 4393 505 4461 poet
527 4396 662 4468 corrigtre
683 4412 734 4448 nec
749 4410 789 4451 τις
807 4389 851 4448 rel
868 4392 983 4449 Eunoen
1003 4390 1103 4447 addere
1119 4390 1216 4460 velim,
1242 4391 1291 4448 eorl
1309 4395 1346 4448 ita
1364 4401 1418 4449 sta·

291 4473 374 4522 tuam.
393 4455 578 4528 ὑπομνήματα
596 4470 733 4520 sudorem
750 4483 765 4520 a
783 4459 926 4516 scholiasta
939 4458 1059 4528 indicari,
1076 4469 1171 4538 posteo
1183 4461 1325 4540 apparebit
1338 4461 1365 4532 θ.
1378 4464 1417 4518 18·

359 4533 390 4602 2)
410 4529 455 4590 et.
473 4529 613 4590 Fritrscbe
631 4531 661 4588 in
676 4532 738 4591 Aet.
755 4531 879 4588 socient.
896 4547 983 4605 graec.
1001 4528 1022 4588 l.
1040 4549 1066 4607 p.
1086 4533 1142 4586 lot
1222 4609 1231 4620 .

803 4317 945 4410 πρότερον
961 4325 1044 4392 loros,
1069 4324 1183 4388 ζητητέον
1195 4322 1241 4376 οὖν
1263 4343 1285 4374 κ.
1295 4343 1319 4378 τ.
1332 4325 1356 4379 λ.
1370 4323 1418 4380 ebt
