3258 5134
55 4407 60 4460 l

1161 324 1169 358 ,
1501 321 1504 337 .

203 395 281 474 rium
331 425 350 472 e
370 401 418 472 ibl
438 421 573 495 quoque
594 397 638 471 sit
657 389 871 484 assultores,
897 407 936 470 ut
954 397 1155 476 Heliodorus
1170 399 1337 479 metricus

202 491 422 581 intedigatur,
444 493 539 580 cujus
560 513 718 566 versuum
739 485 1053 578 Aristoplraneorum
1072 489 1337 580 ‘descriptionem

201 577 237 646 in
260 601 331 645 rem
352 601 449 644 suam
469 575 666 645 scholiastae
689 573 921 655 converterint,
936 599 1010 650 mon
1032 574 1336 680 interpreeieliquis
1440 573 1449 586 ’

201 665 275 755 ejus
297 662 457 744 nominis,
485 662 631 753 dequo,
659 660 687 728 si
711 685 827 730 verum
848 661 928 730 illud
951 671 1055 743 esset,
1083 663 1338 751 aliqua-saltem

202 751 339 839 exigua,
372 749 454 820 mibi
483 751 598 832 crede,
632 749 814 828 etiamnum
827 745 870 828 ,in
884 745 1026 830 ,scholiis
1047 755 1177 816 extaret
1191 749 1353 904 mentio,N
1428 803 1429 808 η
1480 755 1490 781 ¹

136 827 149 852 ²
201 837 271 906 Sed
295 853 384 905 error
405 835 440 903 in
461 834 748 928 scripturajsemel
771 831 968 912 commissus
990 837 1148 914 contiuuo
1162 836 1357 918 ’aliumsm

203 947 281 994 curn
311 922 414 996 traxit
441 921 738 1014 interpretationim
777 935 921 1011 namque
939 919 1006 1011 ,ubl
1034 922 1118 1012 quis
1137 924 1243 1000 semel
1261 921 1339 1000 :sibi

202 1009 376 1102 persuasit,
391 1027 441 1076 'ex
456 1007 813 1097 Heliodoricujusrla'm
828 1006 935 1111 copiis
947 1031 1007 1074 sua
1030 1008 1337 1098 conglutinaese
1364 1015 1366 1019 ’

203 1097 414 1179 scholiastes,
435 1093 464 1162 is
488 1095 624 1162 eosdem
645 1093 790 1170 noluerit
808 1094 958 1171 arbitrati
979 1093 1264 1186 ¹descripsisse
1278 1094 1339 1168 in,-

202 1181 538 1275 terpretationes
560 1203 603 1248 ex
618 1181 745 1248 Phaino
760 1190 794 1247 et
807 1177 1029 1270 Symmach03
1051 1180 1196 1272 indeque
1210 1181 1339 1250 factum

204 1269 353 1350 arbitror,
374 1279 412 1336 ut
436 1267 644 1348 Godolreths
666 1267 886 1348 Hermannus,
908 1265 959 1334 vir
980 1290 1140 1350 summus,
1163 1268 1204 1334 ad
1225 1269 1339 1358 singu·
1393 1344 1395 1349 ,

203 1353 307 1426 larem
329 1355 428 1446 plane
450 1353 644 1434 ultimorum
665 1355 842 1430 uerborum
858 1352 1165 1444 interpretationem
1181 1354 1338 1448 delapsus

203 1442 264 1524 sit,
292 1460 378 1534 quae
401 1440 508 1530 qualis
530 1439 574 1508 sit
592 1459 638 1514 'eu
662 1438 766 1531 ipsius
787 1439 854 1508 ¹viri
871 1439 1002 1517 ,summi
1019 1439 1127 1508 verbis
1150 1439 1247 1508 facile
1268 1441 1360 1509 cui·'

251 1553 269 1595 e
296 1527 448 1620 patebit3·
472 1550 619 1616 namque
642 1525 683 1593 de
709 1526 901 1602 Rauennate
925 1525 1113 1617 et‚‚VJeneto
1136 1526 1250 1617 codiee
1272 1535 1340 1602 474

203 1553 368 1684 liberem
395 1616 417 1680 1.
440 1613 461 1679 l.
489 1613 619 1694 ,‚etsi,“
649 1611 772 1702 inquit,
806 1611 870 1694 „hi
899 1609 972 1686 duo,
994 1613 1274 1694 codicesmerito
1299 1624 1340 1682 ut

204 1700 329 1794 optimi·
344 1708 379 1778 et
400 1698 662 1778 emendatissimi
675 1699 860 1781 laudantur,
881 1709 999 1769 tamen.
1009 1700 1207 1789 quiubique,
1221 1723 1340 1777 eorum

204 1787 401 1879 scripturam
447 1785 617 1868 caeler'ret,
640 1781 695 1851 hic
716 1785 785 1854 illic
807 1807 873 1854 non
888 1785 1340 1876 ‚quodrhristoplr'aueesecl

204 1875 295 1965 quod
318 1811 511 1940 emenlawr
532 1871 973 1972 grammaticus-posuisset,
995 1872 1173 1963 rooipetet3
1197 1897 1235 1943 nc
1257 1873 1340 1963 logi

204 1971 259 2029 tur
280 1960 315 2028 in
336 1960 467 2030 Veneto
488 1957 547 2030 [ol.
564 1965 611 2032 ,43
633 1956 845 2034 millam
866 1961 974 2026 erest
995 1961 1157 2026 -··und·e
1179 1959 1340 2028 Hermen-

204 2071 287 2115 num
308 2045 502 2136 conjicimus
524 2047 758 2136 putasse„qui
780 2045 846 2118 ista
865 2045 1095 2136 subscripserit
1116 2045 1260 2124 indicare
1273 2071 1340 2120 ,uo-

204 2133 317 2211 luisse,
338 2129 651 2222 transcripsisse
671 2155 707 2199 se
724 2131 908 2201 fabularum
920 2131 1236 2232 Aristophaneanum
1251 2157 1342 2208 con

205 2229 361 2294 textum
382 2242 476 2300 eum,
505 2217 611 2319 qualis
636 2216 767 2299 Phaini,
790 2216 983 2304 Symmachi
1006 2220 1212 2309 chorumque
1232 2243 1341 2294 corre.-

206 2305 370 2374 ctionibus
399 2313 555 2372 evaserit.
600 2301 736 2370 ‘Verum
764 2302 842 2369 huic
869 2302 1131 2399 interpretationi
1160 2299 1347 2377 ‘oliinoveu-=

206 2393 286 2460 dum
308 2393 414 2458 altum
433 2389 523 2458 istud
545 2388 579 2456 in
601 2387 736 2458 scholiis
754 2390 795 2456 dc
811 2389 1015 2478 Symmacho
1031 2391 1144 2457 critico
1160 2391 1341 2470 silentium,

206 2479 250 2554 ad
270 2477 368 2568 quale
395 2471 570 2544 'rovocare
598 2475 825 2545 testimonium
855 2475 917 2542 etsi
947 2476 1048 2542 errori
1070 2499 1171 2578 saepe
1193 2477 1342 2546 vicinum

120 2631 122 2640 ,
207 2575 274 2646 est,
302 2563 358 2631 hic
403 2564 479 2630 abet
500 2571 619 2642 temen,
633 2562 702 2640 uim
725 2559 885 2650 aliquam,
907 2559 965 2628 ubi
986 2562 1020 2628 in
1043 2563 1181 2651 triginta·
1199 2565 1343 2656 emplius

204 2651 289 2719 locis
310 2651 448 2726 citatum
470 2648 494 2718 S
520 2645 710 2716 mmacbum
732 2672 865 2740 semper
886 2647 928 2714 de
950 2648 1237 2739 interpretatione,
1259 2675 1343 2726 mus-

206 2737 371 2828 quam'de
393 2759 452 2814 sua
475 2672 583 2824 aliqua
599 2738 788 2825 conjectura
806 2733 973 2820 monuisse
989 2737 1197 2817 videmusl).
1240 2737 1344 2823 ,Quod

208 2834 319 2892 autem
340 2822 522 2898 maximum
545 2831 597 2888 est
619 2823 901 2910 certissimamque
924 2820 966 2886 ad
987 2823 1344 2912 persuarlendunlvim

206 2908 325 2978 habet:
347 2909 479 2977 tertiam
494 2907 661 2998 quandam
675 2905 834 2997 'ejusdem
856 2905 984 2995 generis
1007 2908 1345 3000 subscriptionemex

208 2997 327 3064 eodem
343 2995 473 3064 Veneto
497 2993 612 3061 codice
635 2991 878 3068 communicare
901 3016 978 3062 cum
1000 2993 1107 3068 doctis
1116 3019 1182 3086 ,per
1196 2994 1346 3068 Bcklteri

207 3083 440 3150 liberalitatem
461 3080 557 3146 nobis
579 3079 672 3158 licet,
695 3103 780 3169 quae
803 3101 869 3167 quo
892 3102 992 3146 sensu
1038 3081 1140 3148 riores
1151 3082 1345 3174 intelligen-

209 3171 270 3237 dae
305 3167 372 3234 sint
407 3165 613 3258 apertissime
646 3166 782 3247 doceat3
820 3165 869 3232 sie
897 3165 985 3232 enim
1013 3105 1186 3236 bekkerus
1215 3169 1249 3234 in
1278 3169 1345 3236 fine

208 3254 412 3324 scholiorum
428 3253 469 3319 ad
484 3257 572 3322 Aves
587 3250 749 3344 scriptum·
762 3250 905 3320 invenit:
928 3251 1209 3340 παραγέγραπται
1226 3251 1347 3315 ἐκτῶν

209 3335 396 3423 Συμμάχου
418 3337 480 3428 καὶ
498 3333 609 3398 ἄλλων
630 3330 822 3420 exaltor,
843 3361 929 3441 quae
951 3341 1068 3409 eadem
1084 3340 1272 3416 obseruatio
1288 3341 1346 3409 du·
1368 3377 1370 3384 ⁴

208 3427 290 3496 dum
313 3452 332 3494 e
355 3424 470 3496 codice
492 3424 664 3507 Leidensi,
697 3425 834 3494 inventa
862 3436 943 3492 rtem
957 3427 1000 3494 ‘in
1021 3428 1087 3500 fine
1109 3426 1231 3500 Avium
1254 3427 1346 3498 fabu-

208 3514 273 3596 lae,
298 3538 316 3582 e
331 3512 488 3580 Dobreeo
510 3512 670 3603 producta
686 3521 745 3580 ,est
758 3513 811 3598 ²),
825 3524 1003 3602 atquenee
1018 3513 1088 3605 ipsa
1103 3523 1218 3605 potest
1232 3514 1296 3586 nisi
1311 3516 1347 3583 in

207 3599 299 3669 hunc
321 3621 456 3668 sensum
477 3597 634 3687 intelligi:
671 3609 902 3700 „comportata
930 3600 1056 3668 scholia
1086 3605 1227 3670 esse'ex
1249 3601 1273 3669 S
1299 3626 1347 3668 m·

209 3685 320 3764 machi
343 3685 548 3788 aliorumque
572 3684 865 3776 commentariis;“
886 3711 1014 3756 -nec
1035 3697 1073 3756 ut
1094 3686 1239 3778 reliquas
1262 3627 1347 3756 <luas

208 3771 472 3863 subscriptiones
493 3782 748 3862 interpretemur
770 3771 865 3848 aliter
885 3773 1017 3864 patitur.
1056 3769 1061 3778 ’
1241 3767 1243 3778 ’
1311 3813 1314 3820 ·
1340 3791 1343 3798 “

204 3925 205 3932 ,
299 3859 394 3946 Quae
416 3857 445 3924 si
468 3859 745 3949 contemplamur,
771 3857 867 3926 facile
887 3884 949 3961 pro
972 3883 1008 3926 se
1031 3859 1172 3950 quisque
1195 3859 1348 3928 codicem

207 3943 357 4034 aliquem
383 3943 464 4012 satis
491 3954 662 4016 vetustum
683 3942 749 4010 sibi¹
767 3943 896 4048 linget,
917 3966 953 4014 m
974 3953 1058 4040 quo,
1091 3967 1197 4037 quum
1218 3947 1349 4016 lebula's

211 4075 411 4092 m

207 4129 314 4190 Monac.
332 4129 367 4188 ll.
384 4135 409 4186 t
426 4151 453 4210 p.
470 4134 528 4188 btt
545 4163 581 4178 -
616 4129 677 4201 [Sto
694 4129 759 4188 olim
776 4111 975 4202 judicaveram
1001 4153 1073 4192 nunc
1089 4143 1180 4192 autem
1196 4134 1347 4204 Belrlrerus,
1452 4145 1457 4155 ’

209 4221 264 4264 qua
288 4210 330 4257 est
351 4198 530 4262 liberalitate,
555 4218 600 4256 me
622 4202 761 4258 manniti
783 4210 840 4256 erte
863 4204 996 4278 seriptum
1018 4205 1048 4259 ia
1072 4202 1168 4261 codiee
1191 4225 1221 4262 so
1240 4224 1349 4282 quoque
1376 4253 1378 4258 .

208 4267 312 4344 legisse
333 4264 506 4336 sextilium,
533 4277 560 4324 at
579 4288 623 4326 ue,
637 4269 758 4342 injuria.
782 4267 938 4328 illoisonuua
961 4289 1004 4326 me
1027 4272 1149 4329 incuriae
1167 4273 1347 4333 insimulasse

208 4337 297 4462 1Ειᾞξ1
303 4334 496 4476 agfrllrprsqnq
508 4335 682 4468 ἱιδιοὶίῃὲἰτίορ
700 4336 916 4430 transferendum
934 4340 1037 4444 cumen
1054 4341 1128 4411 erit}
1180 4373 1182 4388 ι

280 4409 315 4546 ²l
329 4423 420 4554 Apuli.
431 4427 565 4536 tDinilort'·
582 4457 724 4536 nomios
738 4493 767 4552 pr
782 4478 848 4536 lte·
877 4529 881 4536 .
898 4462 909 4534 .'
926 4501 932 4536 ,·
959 4525 964 4534 .
1013 4473 1028 4532 'r
1062 4501 1065 4510 =
