3250 5144
385 277 463 360 126

386 461 485 560 periri
508 455 683 538 eidemin
704 459 807 530 schol.
829 455 937 532 Attin.
959 455 1000 525 a‘d
1020 455 1109 524 Nuh.
1131 453 1208 538 103,
1233 456 1277 525 ita
1299 463 1509 532 censendum
1549 531 1550 534 ,

387 561 456 632 est,
482 549 637 618 maluisse
658 569 735 614 eum
757 548 842 614 inter
863 545 1027 611 'lhomam
1055 553 1089 610 et
1110 543 1232 610 scholia
1256 545 1368 613 Aldina
1392 551 1509 618 distin-

388 655 506 726 guere,
527 649 635 726 quarn,
657 633 756 724 quod*
769 633 802 699 in
823 640 980 722 promptu
1003 641 1082 712 erat,
1104 629 1181 694 inde
1203 627 1364 698 Thomam
1384 633 1447 700 ista
1471 637 1510 704 in

387 719 524 790 scholiis
551 717 678 788 Aldinis
703 717 871 807 scripsisse
899 715 1063 804 colligere.
1112 714 1181 782 Sed
1208 717 1277 783 sive
1302 742 1412 786 revera
1434 720 1508 787 Pri.

389 829 507 878 cacum
528 806 581 873 hic
602 804 709 872 habeo
732 802 895 894 opinionis
917 825 1011 869 meae
1034 813 1232 882 consortem,
1254 803 1323 870 sive
1343 827 1403 894 pro
1419 806 1505 874 meis

388 899 551 962 mestare
573 893 681 958 solum
703 891 838 980 judicas,
860 911 928 956 non
943 888 1099 954 dubitabo
1114 898 1225 954 tamen
1240 910 1347 954 meam
1364 890 1403 956 de
1418 891 1507 957 'lho-

389 999 463 1046 mae
484 975 620 1044 scholiis
640 976 837 1044 seutentiam
859 974 987 1042 fortiter
1007 963 1201 1068 proparari,
1222 1009 1224 1014 v
1249 998 1324 1041 uam
1346 976 1430 1042 hanc
1452 975 1512 1043 ba·

388 1064 483 1134 beto':
519 1063 652 1129 triverat
680 1061 758 1127 olim
787 1061 934 1127 Thomas
957 1060 1095 1128 codices
1122 997 1512 1152 nonndlloshristopha·

387 1170 487 1231 neos,
511 1149 631 1238 quibus
653 1147 769 1214 eadem
790 1157 890 1236 atquc
912 1145 1038 1213 Masuri
1061 1145 1228 1214 codicibus
1250 1147 1377 1214 ratione
1398 1170 1512 1215 excer-

386 1245 446 1337 pta
475 1255 517 1300 ex
538 1231 729 1320 Symmachi
758 1234 994 1300 commentario
1019 1231 1170 1323 ppposita
1194 1242 1302 1314 erant3
1335 1228 1414 1298 inde
1437 1244 1512 1301 tum

386 1345 422 1388 rn
439 1315 598 1408 Eclogam
620 1342 724 1396 suam!
735 1318 846 1386 intulit
855 1319 1025 1398 nonnulla,
1041 1355 1084 1374 -ν
1105 1319 1146 1384 dc
1163 1319 1281 1406 quibus
1304 1342 1346 1385 cx
1361 1317 1513 1388 Rtuehe-

386 1404 423 1472 lii
450 1405 574 1486 indice,
606 1430 639 1496 p·
660 1412 723 1477 421
746 1403 842 1496 scqq.'
859 1405 933 1476 coll.
956 1404 1069 1472 scholi.
1093 1402 1220 1470 Aldinis
1248 1404 1409 1492 judicium
1432 1403 1511 1472 ferri

385 1490 483 1559 facile
505 1500 632 1582 potest,
654 1529 698 1542 -··
723 1501 795 1558 tum
816 1493 851 1557 in
873 1493 1042 1593 proprium
1064 1488 1512 1580 aliquem'Aristophaneum

386 1576 658 1656 commentarium
680 1573 819 1665 plurima
842 1589 975 1667 recepit,
997 1575 1110 1682 paucis
1133 1573 1283 1657 mutatis,
1306 1598 1432 1664 suaque
1455 1578 1511 1643 ad-

305 1727 309 1742 ,
387 1655 486 1728 didit:
513 1663 568 1728 cui
589 1661 731 1728 similem
753 1661 886 1728 scholiis
908 1666 1075 1731 veterrbus
1096 1663 1130 1726 in
1150 1660 1329 1727 Pindarum
1350 1665 1509 1729 adornan-

299 1743 305 1774 ¹
387 1746 438 1814 dis
463 1770 597 1839 operam
619 1747 785 1814 'Phomam
812 1768 966 1828 navasse,
995 1745 1184 1814 Boeckhius
1207 1746 1339 1828 statuit,
1366 1747 1509 1818 Praelat.

386 1833 491 1902 schol.
511 1835 545 1900 ln
560 1833 655 1900 Pind.
676 1859 708 1923 p.
724 1833 845 1902 XXVI.
889 1833 955 1901 Iste
978 1845 1089 1900 autem
1105 1833 1359 1914 commentarius
1374 1835 1418 1902 ad
1432 1834 1509 1900 Plu·

385 1923 457 1988 lum
479 1929 619 1998 tantum,
640 1919 754 1986 Nubes
777 1929 811 1986 et
828 1920 935 1986 Ranas
957 1917 1263 2010 pertinebab‚-quod
1284 1928 1359 1985 tum
1381 1943 1400 1985 e
1423 1921 1510 1988 codi-

387 2005 481 2072 cibus
496 2003 819 2094 cantabrigiensibus
841 2004 911 2071 aliis
960 2030 987 2086 e,
1010 2006 1044 2073 in
1066 2003 1184 2120 ‹puibus
1206 2015 1337 2094 praeter
1352 2016 1418 2072 tres
1436 2005 1508 2074 illas

385 2090 514 2158 fabulas
541 2113 609 2156 nou
636 2091 860 2172 nominantur,
892 2116 909 2157 a
963 2115 1045 2180 quas
1083 2089 1225 2157 rhomae
1253 2095 1507 2160 commentarius

156 2187 184 2226 ·‘
256 2209 268 2238 l
411 2175 590 2255 obtinuerit,
611 2186 650 2242 ut
671 2177 704 2241 in
719 2175 883 2263 Ducangii
899 2178 1026 2259 codice,
1048 2177 1082 2242 in
1099 2176 1171 2242 cod.
1186 2173 1288 2242 Paris.
1303 2185 1399 2259 2824,
1420 2187 1506 2250 2827

289 2309 295 2326 .
328 2261 354 2318 ’.
384 2201 444 2348 lei.
460 2260 609 2329 biblioth.
631 2261 732 2328 Paris.
747 2281 813 2350 reg·
830 2262 902 2328 cod.
924 2262 1137 2340 parisiam,
1159 2261 1255 2327 Tom.
1273 2262 1327 2343 ll),
1351 2272 1412 2330 etc.
1433 2267 1513 2332 tum‘

386 2371 405 2416 e
427 2347 597 2415 Bitschelii
619 2347 847 2414 observatione
871 2346 1005 2438 colligo,
1028 2346 1169 2416 Praefat.
1190 2347 1231 2412 ad
1249 2347 1368 2430 Thom.
1391 2349 1504 2439 Eclog.

370 2464 371 2468 ¹
410 2479 419 2498 .
445 2433 536 2515 CIV,
570 2431 794 2523 Aristophanis
827 2433 932 2500 tribus
965 2444 1093 2500 tanturn
1126 2431 1244 2499 fabulis
1274 2433 1438 2501 Thomam
1469 2437 1505 2504 in

383 2457 510 2608 licloga
530 2539 628 2585 usum
648 2519 757 2622 ipsum
780 2541 868 2601 esse,
890 2529 928 2587 ut
950 2521 1059 2612 plures
1075 2519 1355 2610 nescognovisisse
1369 2521 1506 2610 quidem

383 2605 543 2673 videatur.
585 2603 720 2694 Legitur
742 2615 851 2672 autem
867 2605 1018 2674 'Phomae
1041 2605 1305 2687 commentarius,
1328 2606 1398 2674 sive
1413 2610 1503 2674 solus

384 2690 455 2758 sivo
476 2691 677 2758 commixtus
699 2713 775 2757 cum
797 2691 1047 2780 antiquioribus·
1057 2691 1191 2759 scholiis
1213 2701 1360 2759 servatus
1383 2692 1417 2758 in
1437 2693 1504 2760 Ku-

384 2776 463 2844 steri
484 2777 606 2857 codice,
629 2787 699 2844 tum
718 2776 752 2842 in
766 2776 914 2843 Dobraei
932 2780 1100 2846 codicibus
1116 2777 1246 2844 duobus'
1259 2776 1503 2868 Cantabrigicu·

383 2861 490 2946 sibus,
521 2872 690 2954 postremo
718 2863 751 2929 in
780 2863 946 2930 codicibus
968 2864 1122 2931 Parisinis
1149 2885 1216 2931 uno
1245 2863 1404 2943 alterove,
1435 2889 1503 2944 non

381 2945 464 3014 item
486 2959 596 3015 autern
617 2949 787 3038 legebatur
807 2949 841 3015 in
864 2949 1031 3018 codicibus
1047 2950 1291 3027 Musuri‚«unde
1313 2950 1340 3015 is
1362 2948 1503 3020 scholio-

382 3055 456 3100 rum
479 3031 633 3101 editionis
651 3034 790 3100 Aldinae
820 3037 969 3125 syllogrn
991 3036 1206 3127 deprompsit,
1239 3033 1387 3125 itemque
1408 3037 1503 3104 abest

383 3142 401 3184 a
425 3117 614 3186 Ravennato
636 3130 670 3186 et
694 3120 823 3187 Veneto
846 3123 969 3189 codice.
987 3125 1040 3173 '——
1082 3123 1150 3190 Sed
1175 3143 1278 3187 unum
1299 3129 1413 3188 tamen
1435 3145 1503 3190 nou

345 3198 350 3210 ‘
382 3205 497 3272 celabo
518 3207 670 3286 lectores,
691 3206 772 3273 mihi
818 3207 927 3274 uidem
946 3219 1017 3275 tarn
1037 3209 1111 3277 leve
1127 3208 1246 3294 visum,
1269 3207 1358 3295 quod
1375 3207 1409 3274 in
1425 3208 1503 3274 scri·

381 3290 482 3358 beudi
508 3292 625 3359 ardore
652 3314 749 3382 supra
794 3231 874 3360 laus
902 3295 1062 3362 excidisse
1089 3291 1266 3361 memoriae
1294 3316 1361 3359 non
1412 3293 1501 3360 oeni-

381 3386 461 3457 teat,
482 3376 563 3444 illud
587 3376 671 3457 dico,
693 3401 758 3467 quo
804 3379 837 3445 in
861 3381 1038 3471 exemplari
1060 3382 1178 3447 Aldino
1200 3377 1353 3466 leguntur
1373 3319 1502 3468 aliquot

380 3461 530 3530 Thomas
551 3455 740 3536 ὑποθέσεις·
782 3462 855 3532 lloc
877 3465 965 3546 leve,
988 3467 1138 3555 inquam,
1159 3462 1241 3532 mihi
1263 3463 1386 3543 visum,
1408 3464 1500 3532 unde

380 3547 422 3614 d'e
449 3545 622 3615 scholiis
651 3548 730 3617 nihil
752 3549 822 3636 jure
869 3552 950 3618 ossit
971 3553 1096 3642 colligi3
1130 3553 1201 3619 aliis
1224 3548 1252 3616 si
1274 3571 1430 3635 magnum
1450 3549 1513 3630 vi„

379 3633 523 3715 debitur,
546 3634 649 3702 nolim
671 3635 794 3724 reliqua
817 3575 1064 3719 olliviscantur,
1087 3638 1205 3728 quibus
1226 3643 1373 3702 veterem
1395 3635 1498 3704 istum

379 3741 520 3788 errorem
541 3721 730 3812 propulsare
753 3723 881 3802 studui3
903 3747 965 3813 qua
989 3723 1022 3791 in
1045 3748 1079 3791 re
1094 3726 1120 3790 si
1136 3725 1205 3815 ipse
1222 3721 1397 3788 convincar
1412 3745 1497 3788 erro-

256 3827 259 3837 ’
376 3805 438 3887 ris,
466 3806 643 3874 honorifice
666 3817 776 3874 tamen
804 3831 928 3876 errasse
956 3834 1009 3877 me
1031 3811 1172 3901 putabo,
1205 3806 1321 3894 utqui
1343 3806 1438 3874 altius
1461 3807 1496 3873 in

375 3915 446 3960 rem
461 3892 694 3982 'inquisiverim
722 3917 829 3983 neque
856 3895 926 3963 sine
954 3897 1079 3962 ratione
1101 3901 1184 3986 justa
1207 3896 1328 3962 lamam
1351 3916 1497 3959 commu·

375 4001 453 4045 nem
474 3979 568 4068 sequi
590 3979 761 4063 voluerim,
806 3982 870 4048 uod
893 3993 963 4050 tum
993 3982 1047 4050 alii
1070 3981 1220 4048 lecerunt
1243 3990 1313 4044 tum
1337 3975 1494 4055 Ranlrius‚

374 4063 416 4132 de
440 4064 495 4134 vit.
517 4065 681 4156 Aristoph.
703 4091 735 4157 p.
783 4004 928 4134 lxxtll
950 4090 1058 4158 seqq„
1092 4068 1148 4157 qui
1178 4069 1218 4132 de
1245 4064 1417 4144 universae
1445 4065 1493 4130 rei

374 4151 510 4241 veritate
536 4175 689 4234 securus,
722 4152 904 4220 discernere
938 4154 1020 4220 adeo
1054 4177 1150 4246 posse
1183 4154 1218 4218 in
1247 4147 1380 4216 scholiis
1406 4149 1492 4216 Aldi-

228 4269 230 4280 ν
282 4253 285 4258 ’
372 4235 424 4336 nis
445 4237 525 4326 quid
546 4238 755 4334 antiquorum
779 4238 823 4309 sit
841 4241 1130 4332 grammaticorum
1156 4238 1234 4330 quid
1254 4234 1405 4305 Thomas
1426 4234 1490 4304 sibi

371 4344 461 4393 vasus
484 4333 544 4396 est.
1065 4335 1067 4342 '
