3258 5134
1137 339 1141 348 ¹
1233 307 1287 384 49
1339 371 1340 380 ,

159 491 352 573 corrc‘edere,
372 517 472 586 qnam
493 489 578 586 ipse,
599 489 874 561 consuetudinem
893 490 986 560 illam
1006 492 1130 564 citandi
1149 515 1227 566 suos
1247 495 1285 566 in

159 583 238 650 nlius
260 581 387 651 fabulas
409 579 663 648 commentarios
685 579 716 646 ei
737 578 925 663 vindicans,
957 581 1133 649 conciliare
1153 583 1283 652 homini

159 669 267 760 cupio.
288 701 333 718 ι-
374 667 450 753 ‘Qua
476 667 511 733 in
538 689 573 733 re
600 689 643 733 ne
667 687 766 732 eausa
787 665 925 752 ,excidet
945 668 1040 756 cujus
1062 668 1283 759 patrocinium

156 753 298 846 suscepi,
320 775 388 820 uon
410 763 484 819 utar
501 749 610 819 fallaci
632 751 820 840 suspicandi
834 749 981 842 periculo
1004 763 1061 820 aut
1082 771 1125 821 ex
1142 751 1297 824 occultis

156 841 358 930 remotisque
381 839 561 906 litterarum
583 835 716 905 latebris
738 837 854 904 sedulo
878 859 939 904 eon
989 837 1070 926 iram
1091 830 1210 930 rjuibus
1226 863 1282 910 ex-

157 950 271 994 ornem
295 925 445 1018 speciose
467 923 651 1012 excogitata
673 957 717 976 -a-
738 921 766 989 si
788 921 889 990 modo
911 933 989 990 tara
1014 926 1204 1016 excogitare
1225 951 1285 1020 po·
1377 926 1379 936 ’

156 1014 277 1080 tuerim
305 1035 451 1102 unquam
476 1031 521 1072 4-
552 1033 615 1077 nec
648 1020 751 1077 testes
784 1010 989 1093 subomabo,
1016 1012 1082 1078 sed
1109 1013 1286 1084 veritatem

156 1122 277 1189 sequar
296 1108 435 1188 utarque
458 1096 633 1165 concessis.
679 1095 830 1164 Vidimus
853 1095 941 1162 enim
961 1118 1059 1187 supra
1075 1121 1286 1169 concessum·
1373 1158 1375 1165 ⁴

156 1209 222 1276 que
250 1185 348 1252 credo
375 1180 458 1250 mihi
481 1183 521 1249 ab
550 1181 702 1250 omnibns
730 1191 798 1263 cst,
830 1192 960 1334 praeter
974 1177 1166 1268 ,ὑπόμνημα
1186 1185 1282 1271 illud,

158 1273 252 1362 cujus
273 1269 410 1359 vestigia
432 1269 605 1358 hucusque
626 1268 661 1336 in
683 1268 814 1335 oculto
850 1269 999 1352 atebanl,
1016 1271 1134 1360 *plures
1157 1295 1284 1364 eosque

158 1357 226 1424 anti
253 1357 405 1424 nissimos
428 1354 621 1424 scholiastes
643 1353 744 1422 alium
760 1375 827 1421 non
843 1375 1020 1446 usurpasse
1036 1357 1070 1422 iu
1086 1380 1128 1424 ex
1151 1358 1283 1426 licando

121 1443 125 1466 ⁸
156 1381 380 1534 Arislophene
407 1440 697 1523 commentarium
730 1449 766 1508 et
785 1439 919 1507 tametsi
946 1440 1087 1510 fortasse
1115 1381 1178 1509 alin
1203 1465 1286 1542 quo·
1350 1490 1360 1533 s

182 1553 223 1598 ue
244 1529 402 1597 nonnulla
425 1527 615 1618 adjumenta
638 1527 647 1593 i
673 1527 717 1594 sis
739 1525 970 1618 suppetebant,
992 1527 1113 1616 quibus
1134 1529 1183 1596 uti
1206 1554 1286 1600 cum

156 1553 267 1684 linctu
294 1624 450 1707 possent,
480 1625 592 1682 tamen
621 1551 757 1691 librum,
789 1611 847 1702 qui
868 1621 907 1679 ut
927 1606 1112 1694 ὑπόμνημα
1137 1615 1219 1682 illud
1242 1617 1285 1689 de

156 1699 315 1772 industria
331 1699 587 1793 Aristophanem
609 1711 644 1768 et
664 1700 777 1767 ordine
799 1717 839 1766 nc
859 1696 988 1766 ratione
1010 1701 1121 1768 omnia
1143 1701 1286 1794 explica·

156 1799 222 1869 ret,
256 1790 357 1854 alium
381 1798 512 1878 praeter
538 1786 626 1854 istud
649 1785 768 1854 frustra
790 1784 992 1874 quaesivisse
1014 1787 1173 1854 censendi
1194 1799 1285 1858 sunt.

155 1873 286 1961 ,Quodsi
316 1885 427 1941 tamen
455 1871 653 1940 scholiastae
682 1871 821 1940 aliorum
843 1893 975 1963 quoque
998 1893 1179 1963 eorumque
1202 1875 1285 1942 anti-

154 1960 394 2054 quissimorum
413 1956 645 2049 Aristophanis
671 1957 889 2048 interpretum
909 1955 1031 2046 placita
1051 1959 1214 2046 referunt,
1243 1979 1285 2028 eu

157 2055 417 2116 consentaneum
443 2054 494 2110 est
519 2043 686 2109 invenisse
713 2043 906 2110 scholiastes
934 2043 969 2108 in
991 2043 1064 2134 ipso
1092 2044 1150 2112 illo
1179 2045 1284 2152 hypo·

156 2141 324 2201 mnemate
345 2129 506 2220 exposita,
526 2128 560 2194 id
576 2128 664 2219 quod
688 2129 770 2194 alter¹
790 2137 878 2194 certe
892 2126 1052 2211 locorum,
1074 2131 1193 2219 quibus
1209 2149 1283 2222 erus

156 2219 231 2286 libri
251 2217 411 2285 memoria
426 2217 468 2282 ad
482 2237 543 2282 nos
555 2223 737 2317 propagata
753 2223 805 2281 est
819 2211 935 2299 (schol.
951 2213 1040 2280 Plut.
1055 2219 1165 2301 1037),
1186 2219 1282 2286 item.

155 2329 223 2396 que
244 2305 306 2371 alia
324 2303 480 2375 nonnulla
497 2301 625 2382 inducia,
648 2323 734 2391 qnae
752 2302 785 2379 ·§.
801 2308 822 2371 5
843 2298 1082 2368 vindicavimus
1097 2300 1283 2394 hypomne-

155 2391 326 2472 matistae,
362 2399 497 2456 externa
525 2410 660 2478 quoqne
688 2387 797 2474 aliqua
829 2385 1023 2453 auctoritate
1051 2387 1284 2460 demonstrant

156 2500 272 2544 verum
294 2497 378 2542 esse.
425 2473 540 2540 Potuit
561 2485 673 2540 autem
692 2471 788 2541 istius
809 2471 883 2538 libri
905 2471 1044 2563 scriptor
1063 2473 1210 2564 priorum
1232 2475 1283 2542 in·-

127 2611 130 2623 .
155 2572 339 2653 terpretum
365 2559 544 2627 sententias
565 2559 694 2625 diversa
721 2557 847 2625 ratione
873 2579 949 2624 eum
970 2559 1111 2648 posteris
1133 2581 1282 2630 commu-

128 2638 132 2656 ⁸
156 2648 284 2726 uicere,
312 2655 351 2712 ut
377 2655 436 2712 aut
462 2643 578 2712 sedulo
605 2644 835 2712 transcriberet
862 2643 939 2734 quid
962 2645 1102 2736 quisque
1122 2645 1283 2739 interpres.

154 2745 229 2802 turn
251 2737 384 2824 quoque
406 2731 440 2797 in
459 2732 533 2799 loeo
555 2740 752 2822 exposuerat
773 2753 815 2798 ne
835 2727 1013 2798 levioribus
1034 2731 1168 2821 quidem
1184 2734 1283 2802 omis·
1388 2769 1395 2788 ·

153 2821 201 2890 sis
228 2829 263 2888 et
289 2818 329 2886 iis
351 2839 485 2908 quoque
506 2840 591 2907 quae
614 2816 657 2884 ed
677 2817 779 2884 totins
800 2815 984 2884 sententiae
1005 2817 1072 2884 vim
1094 2819 1279 2911 percipien·
1301 2865 1306 2874 -

154 2908 233 2974 dam
254 2905 363 2974 minus
386 2926 484 2995 qnam
508 2903 549 2970 ad
571 2914 695 2992 gratam
717 2903 861 2994 aliquam
883 2902 1021 2970 orationi
1038 2903 1280 2974 conciliandam

155 2993 297 3061 formam
317 2991 374 3060 vel
395 2990 436 3057 nd
456 2989 557 3071 aliud,
578 2989 799 3080 quodcunque
813 2989 874 3071 -vis,
896 2990 1105 3082 pertinebant
1119 2991 1281 3083 appositis

155 3078 307 3168 integris3
346 3086 404 3145 aut
434 3074 591 3163 longioris
623 3073 854 3166 disputationis
881 3076 1017 3142 brevem
1047 3079 1280 3146 tantummodo

155 3187 320 3232 summam
342 3161 627 3254 exsuperioribus
650 3160 895 3230 commentariis
916 3161 952 3227 in
965 3181 1063 3228 suum
1075 3164 1280 3247 transferret,

156 3261 193 3319 et
218 3249 451 3318 tantummodo
480 3247 557 3314 hinc
586 3246 662 3314 inde
685 3247 950 3315 observationem
972 3248 1116 3339 aliquem
1136 3247 1281 3340 quaein

155 3339 268 3405 rerum
290 3335 487 3403 obscuritate
509 3332 600 3401 utilis
621 3335 692 3401 fore
712 3334 886 3402 videbatur
912 3335 1117 3425 decerperet,
1146 3334 1283 3402 omissis·

52 3434 54 3444 '
157 3447 243 3516 qrrae
270 3421 362 3491 oneri
384 3419 616 3522 potiusquam
640 3419 758 3487 honori
785 3431 820 3487 et
840 3419 972 3488 utilitati
993 3420 1063 3488 sore
1089 3420 1280 3489 viderentur
1370 3467 1371 3472 κ

112 3573 117 3588 ¹
154 3509 291 3612 proprio
323 3516 569 3575 commentario.
595 3537 638 3554 -
684 3505 752 3573 Sed
784 3506 839 3573 illa
871 3507 997 3574 ratione
1024 3502 1053 3573 si
1080 3527 1159 3573 usus
1189 3515 1281 3576 esset

156 3591 401 3676 νπομνήματος
418 3603 542 3674 auctor,
564 3590 759 3659 immensam
774 3602 940 3684 oporteret
953 3593 1187 3684 conscripsisse
1202 3613 1281 3662 eum

157 3681 362 3750 diversorum
384 3677 693 3747 commentariorum
714 3679 852 3762 molem,
928 3679 971 3746 ali
989 3689 1102 3748 nostre
1123 3700 1203 3748 sune
1224 3701 1280 3747 ae-

157 3775 227 3834 tate
248 3766 571 3834 ornatumne'dieam
592 3787 634 3834 un
650 3773 828 3832 oneratum
849 3765 882 3833 vi
906 3783 1000 3834 emus
1013 3765 1279 3857 Aristophanem,

157 3851 219 3920 sed
240 3851 372 3942 qualem
399 3851 455 3920 illa
482 3861 589 3920 aetate
611 3855 803 3939 congestam
824 3850 926 3920 fuisse
947 3850 1001 3920 vel
1020 3861 1197 3943 propterea
1218 3851 1282 3918 mi·
1302 3877 1323 3896 .,

157 3937 249 4006 nime
274 3936 427 4040 credibile
449 3949 516 4018 est,
590 3938 633 4006 od
652 3947 727 4005 tum
747 3937 846 4007 nimis
867 3959 972 4030 pauca
992 3959 1072 4041 prae
1092 3947 1184 4006 tanto
1206 3937 1279 4004 the·

157 4047 257 4092 sauro
283 4023 382 4090 hodre
410 4045 444 4090 m
470 4024 550 4093 scho
563 4024 603 4091 iis
628 4023 814 4092 invenimus
841 4047 926 4114 quae
953 4023 1144 4106 Arrstarchi,
1179 4023 1278 4093 Calli·
1390 4029 1398 4046 '

156 4109 260 4190 strati,
282 4109 430 4266 Didpmi,
451 4109 645 4202 Euphronii‚
666 4121 851 4179 ceterorum
873 4133 946 4178 esse
960 4112 1015 4178 vel
1029 4117 1191 4179 testantur
1204 4108 1278 4204 ipsa

156 4197 278 4264 diserte
305 4219 347 4263 ve
381 4195 525 4284 quodam
546 4196 640 4288 quasi
667 4196 819 4286 antiquae
845 4195 1036 4263 eruditionis
1057 4218 1173 4289 sapore
1195 4197 1278 4263 iudi·

148 4293 236 4352 *cant
260 4283 377 4365 tacite;
397 4319 442 4332 —
472 4292 546 4350 tum
575 4283 674 4374 etiam
699 4281 799 4350 nimis
825 4282 931 4351 multa
958 4292 1150 4375 praetenta
1177 4283 1278 4350 colle·

156 4369 267 4438 ctione
288 4369 389 4441 hodio
409 4378 603 4461 supersunt;
631 4367 754 4460 quippe
822 4391 841 4436 o
864 4368 937 4458 quis
961 4379 1031 4436 erat
1050 4367 1166 4460 majori
1186 4369 1277 4437 mole

154 4456 254 4538 liber,
288 4479 329 4526 eo
355 4455 453 4523 citius
474 4479 535 4547 per
553 4465 663 4546 partes
684 4456 779 4544 singu
793 4478 829 4522 as
850 4455 904 4524 rel
926 4454 1009 4523 adeo
1029 4463 1122 4522 totus
1143 4454 1276 4523 interire

155 4543 295 4613 solebat
341 4541 480 4614 Accedit
499 4543 591 4640 qnod
611 4563 697 4636 quae
716 4551 865 4616 servatae
884 4551 962 4617 snut
982 4542 1017 4616 in
1038 4538 1173 4704 ephebis
1194 4540 1276 4630 anti·

489 4647 499 4686 l
