3258 5134
355 299 478 381 Μ’

358 503 454 564 mm,
485 482 543 550 sed
566 503 705 570 quarum
730 489 842 546 tamen
864 477 988 546 scholia
1008 477 1123 554 itidem
1140 477 1309 568 ejusmodi
1331 483 1505 572 provocal„

367 571 509 652 tionibus
530 571 651 635 rcl‘erta
668 577 767 647 *sunt3
789 563 839 632 sin
862 589 940 632 vero
962 565 1027 632 hoc
1048 565 1110 632 sibi
1131 566 1246 646 voluit,
1268 567 1303 633 in
1322 571 1491 636 nonnullis

359 657 565 728 scholiorum
593 653 675 722 locis
698 653 880 730 ibernam,
912 651 947 716 in
969 652 1102 740 reliquis
1124 653 1206 718 alios
1228 654 1421 722 scholiastes
1445 657 1492 723 ad

359 744 489 838 priores
512 739 759 808 observationes
779 759 992 828 provocasse,
1013 747 1085 804 tum
1099 737 1134 804 in
1148 738 1337 807 universum
1353 741 1491 808 demon*

359 829 535 906 strandum
564 837 650 906 erat,
682 824 802 912 quibus
826 824 1030 912 ,argumentis
1055 824 1141 891 illud
1165 825 1303 908 nitatur,
1338 827 1491 896 Thomae

361 915 490 990 scholia
516 914 601 980 inter
622 911 739 980 Aldina
761 910 843 998 legi,
876 910 1061 1000 quibusque
1087 910 1215 980 indiciis
1237 911 1388 984 Thomas
1415 937 1491 1005 pro.

362 1001 555 1072 vocationes
578 1023 596 1068 a
613 997 820 1088 reliquorum
842 995 978 1064 discerni
1001 999 1146 1086 possint,
1166 1007 1240 1064 tum
1263 1022 1321 1065 cur
1335 999 1370 1066 in
1384 1002 1489 1069 schol.

363 1089 451 1160 Plat·
471 1096 538 1160 210
559 1084 709 1152 'l'homae
737 1084 837 1151 verba
867 1081 1121 1174 deprehendisse
1148 1081 1211 1150 sibi
1232 1083 1390 1153 videatur.
1441 1089 1491 1155 Ita

364 1171 381 1242 a
406 1184 511 1277 paret,
533 1169 698 1240 Ranlrium
718 1193 832 1236 revera
855 1168 908 1236 hic
931 1169 1064 1258 quidem
1079 1170 1287 1239 eodemloco
1302 1197 1375 1240 esse
1390 1184 1491 1264 atque

362 1201 583 1332 hlrtzschium
605 1281 665 1328 nos
714 1281 732 1322 e
755 1279 832 1326 eum
852 1255 968 1322 itidem
989 1255 1033 1322 ob
1056 1257 1350 1325 candemcausam
1369 1261 1492 1340 morari

362 1371 432 1415 non
452 1367 563 1437 posse.
585 1383 630 1394 -
689 1341 738 1409 'isi
757 1343 858 1431 igitur
879 1343 957 1410 satis
981 1342 1089 1431 gravia
1116 1354 1227 1410 contra
1250 1345 1366 1412 scholii
1389 1347 1490 1414 fidem

364 1442 557 1522 argumenta
573 1430 758 1508 afferantur,
773 1467 817 1479 --
836 1430 943 1518 qualia
960 1453 1040 1494 num
1055 1429 1162 1496 afferri
1176 1431 1305 1520 possint
1318 1433 1416 1500 valde
1432 1435 1489 1500 du·

364 1520 448 1602 bito,
467 1557 512 1568 -
533 1516 702 1587 tuebimur
724 1539 799 1584 cum
823 1515 995 1582 Dindorlio
1018 1519 1288 1583 commentarium
1309 1519 1345 1584 in
1368 1519 1489 1586 Danai-

364 1606 435 1687 des,
456 1627 565 1693 neque
578 1642 625 1654 ·-
639 1601 746 1692 ipsum
763 1603 791 1668 si
805 1601 1001 1668 haberemus
1015 1641 1059 1652 —-
1075 1603 1107 1668 iu
1123 1607 1292 1694 posterum
1308 1629 1369 1672 nos
1384 1617 1490 1674 trans-

361 1692 485 1760 missos
508 1715 526 1756 a
549 1685 724 1757 scholiasta
753 1699 894 1778 tempus·
915 1712 1003 1770 csse,
1036 1713 1101 1780 quo
1124 1689 1386 1758 observationem
1409 1693 1487 1760 satis

364 1778 505 1845 sonasse
521 1776 642 1842 bonam
656 1775 836 1863 utilemque
876 1776 1104 1866 acciperemus,
1126 1775 1229 1862 magis
1245 1776 1403 1846 ferremus
1419 1805 1487 1864 gre·

366 1866 461 1960 νὶῐοτ,
475 1885 582 1952 ¹quarn
595 1862 689 1960 quod
713 1862 827 1926 eadem
850 1799 933 1928 lecit
954 1872 1067 1929 auctor
1084 1862 1201 1928 scholii
1215 1862 1316 1953 Vesp.
1333 1873 1431 1937 14:162
1445 1906 1488 1916 -

364 1967 425 2018 του
447 1949 523 2032 περὶ
549 1966 609 2010 του
634 1943 813 2032 κανθάρου
833 1941 954 2027 μύθου
975 1946 1031 2007 καὶ
1053 1945 1088 2010 ἐν
1111 1940 1237 2034 Εἰρήνῃ
1258 1951 1425 2030 μέμνηται
1444 1991 1487 2002 -

337 2103 340 2111 ,
365 2030 386 2096 ὁ
409 2026 558 2110 ποιητής.
572 2071 617 2086 --
635 2033 702 2094 ἐκεῖ
721 2031 821 2094 δὲτὰ
844 2023 957 2094 εἰκότα
978 2029 1200 2118 λεχθήσεται,
1222 2060 1322 2125 quem
1343 2037 1486 2106 Fortuna

362 2121 446 2190 Paci
467 2109 605 2210 ejusque
627 2120 798 2189 comitatui
821 2120 962 2200 favente,
985 2130 1154 2190 utcontra
1178 2123 1344 2192 Danaides
1366 2118 1488 2206 ἄνδρα·

363 2203 504 2282 πόνους
527 2207 705 2300 iniquiore,
736 2207 838 2275 fidem
862 2207 1065 2298 praestitisse
1090 2208 1240 2278 videmus
1262 2211 1303 2278 ad
1326 2209 1401 2281 Pac.
1425 2221 1490 2284 130

363 2292 473 2370 Bekk,
493 2328 537 2344 ··-

872 2471 901 2559 §-
931 2481 983 2546 ll.
1430 2473 1439 2504 t

412 2686 415 2696 .
453 2635 579 2704 Verum
606 2636 670 2704 etsi
691 2634 772 2703 duas
794 2633 1027 2704 tantummodo
1049 2657 1068 2701 e
1092 2609 1268 2726 deperditis
1290 2635 1419 2704 tabulas
1433 2659 1488 2704 no·
1574 2631 1575 2636 ¹

364 2722 518 2800 minatim
540 2721 705 2813 appellare
718 2721 902 2811 potuimus,
925 2745 1009 2810 quae
1024 2721 1104 2788 olim
1118 2723 1359 2798 commentariis
1374 2724 1488 2791 instro

367 2821 441 2878 ctae
463 2807 601 2886 luerint,
623 2831 690 2875 non
736 2819 821 2874 otest
844 2818 954 2874 tamen
976 2808 1131 2888 dubitari,
1154 2809 1233 2900 quin
1255 2811 1488 2900 aliarumque

365 2893 639 2998 queolabularum
660 2832 759 2962 hodie
781 2893 1023 2984 deperditarum
1050 2897 1276 2962 commentarii
1295 2896 1419 2986 passim
1442 2921 1488 2964 re

367 3068 512 3158 siquam
533 3065 738 3148 remittimur,
761 3089 845 3169 quae
867 3089 930 3133 nec
950 3065 1115 3134 invenitur
1129 3068 1226 3135 hodie
1248 3068 1281 3134 in
1300 3079 1409 3136 nostra
1426 3069 1489 3156 syl-

367 3155 460 3246 loge,
484 3175 547 3220 nec
573 3153 608 3218 in
634 3164 849 3244 superstitum
877 3151 1062 3220 fabularum
1089 3154 1490 3246 interpretatione‘locum

366 3239 544 3313 commode
572 3237 694 3307 hahere
747 3238 847 3319 oluit,
880 3239 1043 3329 siquidem
1064 3240 1139 3308 talis
1162 3253 1231 3308 erat
1252 3241 1489 3331 interpretatio,

366 3351 455 3418 quae
477 3329 528 3408 (ut
543 3325 638 3392 nobis
660 3265 797 3415 quidem
818 3327 1054 3418 persuasimus)
1076 3347 1144 3394 nnn
1158 3338 1411 3420 persequeretur
1425 3327 1487 3394 nisi

367 3438 455 3504 quae
477 3436 554 3480 cum
574 3411 829 3503 poetaelverbis
858 3412 996 3479 arctiore
1026 3414 1169 3503 quodam
1194 3416 1326 3480 vinculo
1356 3417 1489 3502 conjun-

239 3510 244 3522 ‘
367 3511 421 3574 cta
437 3508 547 3566 essent
563 3501 602 3583 ¹).
633 3497 707 3566 Huc
721 3499 885 3590 pertinere
898 3499 1060 3579 videntur,
1073 3523 1170 3602 quae
1183 3501 1216 3566 in
1231 3500 1333 3567 sch-nl.
1349 3499 1488 3567 Acheru.

368 3595 433 3658 106
446 3594 611 3675 prostant:
632 3574 686 3645 ὅτι
700 3581 831 3656 advene
850 3581 928 3658 τούς
940 3575 1107 3660 ιΈλληνας
1129 3583 1254 3658 laevae
1272 3585 1305 3644 οὶ
1319 3581 1490 3668 βάρβαροι

368 3667 508 3733 ἐκάλουν
528 3664 790 3754 προείρηται.
820 3695 896 3737 nam
911 3695 953 3738 ne
969 3673 1042 3761 quis
1058 3673 1252 3764 suspicetur,
1267 3672 1307 3740 ad
1324 3695 1489 3740 commen·

353 3757 487 3828 ¹tarium
509 3755 616 3824 versui
633 3765 696 3829 lor
718 3757 893 3848 ascriptum
915 3757 979 3826 hoc
995 3760 1200 3826 referendum
1216 3783 1298 3838 esse,
1313 3799 1356 3808 -—
1377 3781 1489 3848 quam-

368 3869 468 3935 quam
489 3842 536 3909 ibi
556 3842 637 3909 nihil
658 3842 760 3912 hodie
775 3846 822 3910 tle
839 3869 876 3911 ea
891 3869 927 3911 re
943 3855 1042 3927 extat,
1056 3885 1100 3895 -
1121 3869 1159 3912 ea
1175 3847 1294 3936 subjun
1320 3869 1382 3922 am,
1404 3867 1488 3935 quae

366 3932 405 3998 in
425 3931 545 3998 eodem
560 3929 647 3995 adv.
664 3940 727 4000 ron
748 3931 875 4004 scholio
891 3933 1016 4020 adjecta
1032 3931 1200 4020 leguntur:
1227 3931 1267 3991 τὸ
1290 3869 1325 3991 cll
1348 3949 1391 3991 αυ
1414 3926 1490 3989 ἀντὶ

366 4017 430 4077 νοῦ
450 4010 504 4076 οὐ·
511 4009 725 4098 βαρβαρίζων
746 4015 823 4101 ἔφη,
848 4019 936 4084 unde
953 4024 1107 4108 'apertum
1130 4028 1189 4098 est,
1211 4039 1289 4084 non
1312 4017 1403 4084 adv.
1427 4025 1490 4088 tuo

368 4112 479 4171 totum
505 4099 667 4169 scholium
695 4103 873 4194 antiquitus
895 4103 1054 4194 scriptum
1076 4103 1192 4185 luisse,
1221 4105 1343 4198 quippe
1366 4103 1422 4193 qui
1444 4101 1487 4167 ita

366 4189 505 4258 habenta
524 4173 544 4249 δ’
557 4205 607 4263 τις
619 4185 893 4276 χαυνοπρώκτους
903 4190 980 4262 τοὺς
991 4184 1121 4263 Ἰάονας
1132 4188 1226 4268 λέγει,
1247 4193 1304 4258 sed
1318 4193 1398 4259 adv.
1412 4196 1489 4260 104:

368 4269 410 4336 οὐ
432 4274 519 4363 λῆψι
542 4271 646 4359 χρῦσο
664 4270 895 4362 χαυνοπρῶντ’
922 4269 1071 4360 Ἰαοναῦ,
1105 4278 1298 4370 praesertim
1319 4296 1423 4366 quum
1443 4273 1489 4339 ibi

422 4478 463 4559 ‘ll
482 4470 514 4560 15¹
531 4477 679 4563 jamsupra
697 4481 813 4558 professi
828 4491 934 4564 sumna.
957 4481 1141 4557 habenturque
1158 4482 1187 4536 in
1202 4501 1236 4538 ee
1252 4500 1282 4536 re
1299 4481 1490 4554 assentientem

367 4543 446 4602 notre
462 4544 654 4619 Frrtzsclnum,
675 4550 710 4608 da
728 4549 850 4622 Pelasgis
867 4571 895 4627 p.
911 4555 953 4606 st.
1063 4595 1067 4602 .

303 3035 307 3046 ,
366 2992 550 3138 sprerantur
573 2980 610 3046 in
638 2980 686 3048 eis
712 2979 913 3048 scholiorum
939 2979 1037 3060 locis,
1068 2981 1126 3046 ubi
1154 2983 1195 3048 ad
1222 2983 1489 3049 observationem
1611 3032 1619 3048 .
