3250 5144
295 281 348 362 80

296 471 395 541 sitam
417 479 515 562 atquc
536 449 753 554 innatamus
774 478 931 562 appareat
946 475 1112 622 1puantum
1134 465 1205 620 cyus
1227 467 1356 559 generis
1375 468 1423 540 in·

297 559 389 626 diciis
412 559 453 644 ad
475 581 534 625 sua
558 557 759 648 Symmacho
781 555 942 623 restituen
967 581 985 622 a
1007 557 1138 624 tribuen
1161 577 1219 620 um
1240 555 1293 634 sit,
1335 557 1424 626 Hinc
1454 576 1461 586 ‘

298 644 452 736 equidem
473 645 529 712 vel
551 644 594 710 ob
617 667 690 710 enm
713 643 818 711 solam
841 666 975 710 causam
995 665 1063 713 non
1085 641 1269 720 dubitarem
1290 651 1425 733 magne-

262 787 266 806 .
296 739 387 824 pere,
409 730 488 821 quib
504 729 741 820 Symmachum
762 730 955 818 loquentem
977 729 1124 796 audirem
1146 730 1179 795 in
1202 728 1306 796 schol.
1323 729 1425 821 Vesp.

928 366 938 400 l
972 385 975 398 .

141 871 143 883 ,
237 892 239 904 A
296 816 1425 915 tonsos,Av.2s1;5ot};;1075yquaesupra1)obeandem

297 923 432 972 causam
454 902 656 991 conjecimus
679 925 697 969 e
719 920 765 988 τῳ
786 917 1004 982 νπομνημοτι
1026 903 1219 992 deprompta
1236 905 1339 986 esse),
1363 903 1427 970 nisi

295 989 331 1058 id
352 1011 440 1057 nuuc
461 989 597 1078 quidem
619 988 721 1055 etiam
743 997 881 1080 propter
903 988 1130 1056 commentarii
1145 987 1427 1080 Symmacheira-

296 1075 423 1144 tionem
445 1075 615 1165 probabile
636 1083 734 1141 esset.
756 1111 801 1123 -
867 1139 869 1146 .

384 1162 560 1233 Praeterea
594 1172 705 1226 autem
728 1159 826 1226 idem
859 1159 940 1227 illud
973 1159 1009 1227 in
1035 1159 1172 1226 Plutum
1200 1159 1365 1232 scholium
1391 1160 1428 1229 in

298 1247 396 1316 aliam
423 1269 564 1338 quoque
584 1270 656 1313 rem
684 1245 815 1313 videtur
846 1247 928 1313 utile
956 1246 1038 1314 lore.
1086 1246 1241 1315 Fallorne
1269 1249 1357 1314 enim
1384 1269 1429 1315 an

297 1345 387 1404 recte
410 1332 553 1423 agnosco
575 1332 609 1397 in
632 1331 845 1399 isto‘scholio
868 1331 1093 1424 nescioquod
1116 1333 1308 1401 affectatum
1326 1344 1362 1400 et
1375 1357 1428 1400 so·

296 1419 478 1514 phisticum
502 1417 631 1488 dicendi
654 1441 770 1508 genus,
793 1419 883 1507 quod
906 1419 952 1520 eis
975 1412 1060 1509 quad
1083 1419 1224 1522 simplici
1238 1419 1366 1488 ratione
1381 1429 1429 1499 at-
1537 1452 1541 1460 =
1570 1439 1571 1484 t

297 1529 363 1598 que
382 1504 539 1575 oratione
569 1504 632 1572 dici
659 1514 816 1596 poterant
840 1527 934 1594 quasr
956 1505 1122 1596 quendam
1144 1511 1257 1573 lucum
1281 1506 1429 1590 obducit,

297 1603 425 1660 utnon
446 1591 559 1683 possis.
583 1587 646 1656 nisi
668 1615 727 1681 per
748 1601 959 1660 transennam
985 1593 1127 1694 aliquam
1151 1615 1263 1660 veram
1285 1593 1429 1660 formam

261 1717 265 1730 ·
299 1679 462 1771 aspicere3
496 1675 655 1743 haeccine
683 1676 772 1742 enirn
798 1677 937 1767 simplex
962 1689 1065 1746 oratro
1088 1685 1143 1745 est
1163 1677 1306 1746 hominis
1329 1679 1372 1778 de3
1391 1702 1429 1746 re

297 1765 403 1854 magis
431 1787 531 1854 quarn
561 1763 602 1829 de
630 1763 740 1829 verbis
770 1763 915 1829 solliciti:
952 1765 1053 1824 τοῦτο
1079 1756 1115 1824 τί
1140 1759 1231 1824 ἐστιν
1256 1760 1317 1826 οὐκ
1339 1762 1429 1848 ordor,

298 1841 353 1914 ὅτι
375 1849 410 1911 δὲ
423 1845 664 1930 ,συμβάλλεται
678 1889 722 1898 -
736 1830 814 1908 οἶδα
825 1851 895 1914 -?
917 1873 1117 1942 quamquam
1140 1850 1240 1918 ctiam
1257 1851 1362 1940 magis
1377 1873 1431 1918 ρο.

184 1968 189 1984 1
297 1936 433 2040 phistici
455 1934 535 2028 quid
557 1934 686 2001 redolet
700 1937 773 2023 ejus
789 1935 895 2001 oratio
911 1938 968 2026 qui
983 1937 1022 2001 ad
1041 1935 1183 2002 cundem
1197 1961 1330 2004 versum
1344 1937 1431 2028 haec

299 2023 448 2115 scnpsit,
470 2022 527 2088 sed
551 2043 593 2086 ex
615 2020 862 2102 eodcmfonte,
887 2025 981 2110 cujus
1004 2042 1106 2112 quum
1128 2045 1250 2090 nomen
1265 2024 1429 2106 reticeret,

268 2100 272 2115 x
300 2105 602 2213 compensarehoc
624 2105 753 2175 studuit
768 2107 924 2200 quicquid
941 2109 1001 2174 luit
1023 2109 1161 2198 injuriae
1175 2107 1430 2199 pulchrioribus,

301 2195 331 2263 si
353 2195 403 2263 drs
426 2194 545 2285 placet,
568 2192 702 2259 floribus
722 2215 763 2260 ex
779 2194 897 2258 eodem
918 2193 1014 2260 horto
1030 2195 1155 2262 fontem
1172 2218 1307 2264 ornans:
1328 2191 1433 2271 τηλία

300 2275 366 2363 ἔχει
387 2280 447 2360 μέν
466 2297 501 2339 τι
522 2274 610 2340 καθ’
635 2273 735 2340 ἑαυτὸ
757 2272 896 2362 ἄπορον.
941 2275 1001 2339 ἐὰν
1023 2277 1115 2341 δὲτὸ
1136 2277 1434 2367 ἐνΜαρικᾷνορο-

300 2363 411 2454 οὲλθρ
432 2405 477 2416 --
498 2356 711 2448 ἀπορώτερον
734 2357 837 2424 ἔσται.
877 2360 1035 2440 ζητητέον
1056 2349 1116 2426 οὖν
1136 2384 1166 2428 κ.
1182 2385 1212 2428 τ.
1226 2363 1255 2429 i.
1278 2408 1322 2418 -
1361 2367 1433 2436 Sed

301 2455 343 2522 ab
367 2453 484 2522 eodem
508 2451 673 2518 scribendi
688 2473 808 2540 genere
831 2474 912 2518 num
928 2452 1148 2539 Symmachus
1163 2451 1341 2522 descivisse
1355 2479 1432 2522 cen·

300 2541 424 2608 sendus
447 2547 498 2604 cst
519 2561 622 2627 quum
644 2537 727 2604 haec
749 2537 907 2605 scriberet
929 2537 1187 2630 reliquisset,
1208 2564 1294 2629 quae
1311 2542 1431 2609 codem

300 2629 409 2700 nitent
424 2624 516 2716 foco:
540 2613 761 2722 (Σύμμαχος)
785 2621 967 2728 οκέιραοιῖε
987 2621 1023 2685 τὶ
1045 2621 1086 2702 δή
1109 2624 1189 2686 ποτέ
1208 2628 1277 2688 ἐστι
1297 2625 1336 2687 τὸ
1349 2627 1432 2688 ,δεῖ-

196 2733 199 2742 ’
299 2733 372 2794 γμο
393 2709 460 2770 τῶν
481 2706 592 2769 δικῶν.
636 2727 795 2792 napuras
814 2729 890 2793 γαρ,
914 2729 943 2770 ει
965 2706 1011 2790 μὴ
1034 2710 1073 2772 τὸ
1089 2708 1211 2792 δεῖγμα
1225 2704 1325 2786 τόπος
1339 2709 1431 2777 ἐστὶν

300 2796 339 2860 ἐν
360 2794 535 2881 Πειραιεῖ,
559 2787 649 2856 ἔνθα
670 2792 790 2856 πολλοὶ
814 2790 996 2881 ορνήγοντο
1018 2794 1106 2873 ξένοι
1126 2798 1183 2859 καὶ
1197 2798 1349 2880 πολῖται,
1372 2799 1431 2860 καὶ

300 2879 527 2965 ἐλογοποίουν.
575 2877 615 2942 τὸ
642 2877 678 2941 δὲ
706 2879 772 2943 τῶν
798 2880 900 2944 δικῶν
920 2882 1148 2972 προσέθηκεν,
1181 2873 1239 2946 ἵνα
1261 2883 1430 2972 διαβάλλῃ

301 2967 342 3036 τὸ
365 2963 541 3075 φιλόδικον
561 2965 630 3030 τῶν
645 2961 878 3098 Ἀθηναίων

711 3255 714 3262 ,
812 3175 842 3268 §·
868 3181 923 3254 bd.

390 3313 520 3404 Quodsi
539 3309 755 3385 manifestum
777 3328 847 3398 est,
869 3333 1085 3411 quaecunque
1108 3317 1149 3388 de
1169 3313 1429 3413 hypomnemate

303 3402 456 3472 extricari
481 3412 651 3496 poterant,
683 3403 773 3493 quod
800 3403 936 3470 unicum
965 3407 1035 3495 ejus
1059 3407 1186 3496 generis
1215 3432 1251 3476 se
1272 3418 1430 3475 tractasse

302 3489 368 3580 ipsi
382 3489 528 3557 indicant
542 3489 748 3569 scholiastae,
765 3489 810 3556 ita
827 3504 1013 3580 comparata
1031 3515 1104 3560 esse
1119 3492 1239 3578 omnia,
1255 3505 1302 3576 ut,
1318 3517 1432 3586 quanta⁴

301 3577 354 3644 vis
376 3598 443 3642 non
467 3599 505 3644 ea
527 3577 593 3644 siut
614 3598 699 3680 quae
730 3576 884 3644 omnibus
914 3579 1157 3646 commentariis
1180 3603 1220 3646 co
1243 3581 1316 3670 ipso
1339 3575 1431 3668 quod

302 3670 385 3728 sunt
407 3662 634 3731 commentarir
656 3663 786 3728 soleant
808 3664 995 3731 communia
1019 3688 1102 3746 esse,
1123 3666 1158 3731 in
1179 3665 1372 3757 Symmachi
1393 3665 1431 3731 li·-

302 3748 363 3815 bro
387 3747 496 3816 denuo
518 3750 573 3816 vel
594 3747 694 3817 hodie
717 3749 974 3839 conspiciantur:
999 3769 1088 3818 nunc
1103 3751 1236 3818 demum
1251 3751 1431 3820 clarissime
1456 3825 1458 3834 Ι

278 3840 457 3987 apparet,
490 3845 650 3940 quantum
677 3833 721 3902 sit
742 3835 820 3904 fidei
847 3836 1142 3928 subscriptionibus
1170 3837 1234 3904 illis
1257 3863 1275 3905 e
1300 3837 1431 3906 Veneto

304 3932 340 3988 et
383 3920 508 3988 cidensr
524 3922 636 3988 codiee
651 3921 787 4013 prolatis
802 3922 1023 3997 tribuendum,
1042 3947 1124 4012 quas
1140 3935 1319 4016 suspectas,
1341 3933 1433 4002 certe
1517 3981 1521 3992 ,

303 4029 372 4073 non
404 4006 529 4075 multae
563 4007 764 4076 auctoritatis
798 4009 973 4100 oportebat
1005 4031 1078 4076 esse
1107 4010 1185 4076 dum
1214 4033 1257 4078 ex
1283 4009 1434 4101 ipsorum

305 4090 507 4160 scholiorum
535 4093 646 4162 indole
674 4094 822 4160 noudum
852 4104 925 4162 erat
944 4097 1216 4200 quamproxime
1239 4098 1435 4164 accederent

303 4179 437 4247 veritati
470 4181 741 4249 demonstratum.
800 4181 869 4248 Sed
900 4181 1027 4248 munita
1059 4207 1205 4274 rpsarum
1238 4181 1433 4251 auctoritate

303 4265 449 4356 primum
470 4267 551 4334 illud
574 4266 686 4333 licebit
707 4266 886 4348 affirmare,
919 4268 960 4334 ad
983 4269 1087 4352 Aves,
1119 4268 1242 4336 Pacem
1265 4279 1299 4334 et
1319 4269 1434 4334 Nubes

305 4351 515 4444 explicandas
543 4351 736 4442 Symmachi
768 4353 1043 4432 commentarium
1070 4379 1090 4424 a
1117 4355 1302 4426 scholiastis
1329 4354 1435 4422 luisse

303 4479 506 4495 *—

374 4537 402 4607 1)
419 4534 464 4595 Cl·
480 4557 564 4614 supra
580 4535 607 4611 ἐ.
623 4537 641 4596 b
657 4547 726 4628 extr.
