3250 5144
246 219 248 230 ’
344 207 412 304 aa

352 403 408 470 ἐπὶ
428 398 625 490 σμικρότητι
644 395 712 466 ὑπὸ
732 397 953 478 Τηλεκλείδου
973 394 1216 486 κεκωμῴδηται,
1239 403 1297 466 καὶ
1312 400 1333 467 ὁ
1347 405 1497 484 κολοιός,

350 490 470 576 μικρὸς
490 485 536 551 ὢν
558 487 681 556 ἐκτῶν
708 483 841 573 πτερῶν.
858 485 921 562 τὴν
942 483 1105 563 οόστησιν
1130 487 1197 572 ,ἔχει
1214 491 1253 576 ¹).
1279 490 1475 561 ΙΑΛΛΩΣ.

251 577 257 602 ‘
345 578 481 664 μλδηλον
502 568 535 642 εί
548 572 787 661 Ἀσωπόδωροκ
807 571 904 654 λέγει,
927 566 964 648 ὃς
985 575 1193 660 κωμῳδεῖται
1211 577 1264 638 ἐπὶ
1280 576 1477 662 σμικρότητι

343 664 516 747 σώματος.
561 659 604 742 ἠν
625 661 661 724 δὲ
683 657 780 724 καὶὸ
807 656 1033 744 &appetebas
1052 657 1179 766 μικρός.
1214 659 1399 728 ΑΛΛΩΣ.
1443 666 1477 729 οἱ

272 811 280 826 ,
345 755 414 834 ,atr
434 747 569 824 πλείους
589 743 818 832 ὑπειλήφασιν
839 747 913 811 υἱον
934 767 1010 810 τινα
1032 766 1120 811 ειναι
1145 743 1372 854 Θαρρελείδοο
1387 752 1476 838 βρα-

344 837 418 924 palu
437 840 493 901 καλ
521 830 758 922 παραπλήσιον
785 836 901 922 (scrib.
929 835 986 896 καί
1008 830 1051 911 ὡς
1071 837 1329 924 παραπλησιοκ)
1357 837 1479 920 κολοιῷ

344 923 601 1025 κωμῳδεῖσθαι.
644 917 705 1004 οὐκ
729 915 843 1020 εἠομεμ
864 923 899 982 δὲ
921 919 996 988 υἱὸν
1018 919 1126 992 αὐτοῦ
1148 921 1206 984 διολ
1227 923 1289 1000 τῆς
1303 923 1477 1012 κωμῳδίας

347 1017 466 1079 ecastr.
492 1008 630 1092 μήποτε
652 1005 721 1082 οὐκ,
743 1027 839 1094 φησι,
861 1006 948 1072 κατὰ
970 1005 1174 1112 περίφρασιν
1195 1007 1325 1093 εἴρηκεν
1343 1005 1493 1098 Θαρῥε-,.

346 1091 460 1163 »λείδου
488 1097 620 1160 κολοιὸν
645 1093 681 1157 ἐν
703 1094 763 1182 ἴσῳ
785 1095 832 1176 τῷ
857 1089 1098 1182 Θαρῥελείδης,
1132 1117 1170 1171 ος
1192 1095 1263 1161 ἐστι
1284 1095 1476 1175 κολοιώδης.

300 1175 304 1199 ’
347 1176 372 1260 οἳ
394 1180 437 1259 ὠς
459 1182 609 1258 κολοιοδς
630 1179 736 1244 αὐτὸν
750 1183 928 1244 πωλοῦντα
944 1179 1132 1264 διαβάλλει.
1162 1181 1349 1248 ΑΛΛΩΣ.
1381 1179 1478 1246 δτοΐ

353 1267 578 1357 Θαρρελείδου
609 1268 693 1344 οἰὸς·
709 1265 834 1347 ἐγένετο
857 1260 999 1342 κολοιός.
1026 1307 1070 1320 -
1113 1271 1238 1339 Ultima
1271 1297 1338 1340 non
1364 1295 1478 1340 moror

346 1361 505 1450 amplius3
527 1360 652 1448 reliqua
677 1368 788 1424 autem
810 1357 878 1424 sola
900 1367 986 1436 sunt,
1011 1381 1095 1448 quae
1112 1369 1261 1454 apertum
1278 1359 1484 1466 facilemque
1533 1402 1546 1422 s

346 1443 516 1512 interitum
533 1471 627 1513 meae
643 1445 825 1511 sententiae
840 1444 956 1511 minari
974 1446 1156 1529 videantur.
1196 1445 1314 1534 Neque
1328 1467 1419 1512 enrm
1433 1483 1478 1501 -

347 1555 415 1640 spuo
441 1534 476 1598 in
498 1531 721 1622 superioribus
750 1531 910 1621 exemplis
932 1542 1123 1634 promptum
1152 1542 1222 1598 erat
1248 1533 1411 1620 refugium
1433 1571 1478 1582 —-·

346 1615 415 1684 hic*
438 1633 570 1722 quoque
603 1639 770 1692 recurrere
803 1617 898 1684 facile
927 1621 1053 1697 licebit,
1088 1629 1126 1684 ut
1154 1619 1194 1682 ab
1225 1619 1289 1684 alio
1319 1619 1477 1710 quoiam

346 1717 590 1794 grammatice,
617 1704 703 1772 aliud
734 1705 886 1772 tractanti
919 1715 1151 1794 argumentum
1186 1704 1226 1770 ab
1256 1644 1477 1796 Aristophane

345 1792 502 1874 alienum,
524 1793 669 1884 priorem
691 1789 995 1880 interpretationem
1016 1791 1049 1858 in
1066 1790 1308 1858 dubitationem
1322 1803 1476 1858 vocatam

368 1889 518 1962 memus,
547 1866 654 1968 neque
679 1891 739 1942 s'uo
763 1878 834 1943 solo
858 1877 959 1943 lretos
985 1878 1118 1967 ingenio
1143 1877 1335 1944 scholiastes
1356 1878 1477 2030 proba·

343 1902 411 2032 bite
435 1975 490 2030 est
520 1988 592 2030 eam
620 1962 792 2052 reliquisse
821 1973 855 2029 et
883 1964 1103 2054 vituperasse,
1137 1963 1171 2028 id
1195 1965 1285 2052 quod
1314 1987 1354 2029 ve
1391 1962 1476 2048 φησὶ

344 2050 424 2124 illud
447 2052 480 2116 in
503 2051 599 2118 tertio
623 2050 749 2116 scholio
773 2049 951 2130 dissuadet,
975 2073 1073 2141 supra
1098 2049 1139 2136 (b.
1158 2059 1212 2132 18)
1236 2075 1253 2115 a
1278 2050 1475 2141 nobisipsis

345 2137 533 2216 defensum,
561 2149 595 2204 et
616 2135 795 2202 similitudo
818 2137 996 2225 quaedam,
1020 2160 1105 2226 quae
1127 2135 1225 2204 tertio
1248 2135 1326 2210 huic
1346 2137 1474 2203 scholio

345 2221 422 2291 cdrn
456 2223 728 2304 eisintercedit,
765 2245 850 2312 quae
885 2222 913 2308 ξ.
941 2231 962 2292 5
995 2223 1207 2290 tractavimus
1242 2247 1259 2286 a
1290 2223 1475 2290 scholiastis

345 2311 476 2377 aliunde
505 2311 709 2400 transcripta.
730 2345 774 2358 —-
817 2308 943 2396 Verum
972 2319 1084 2376 tamen
1113 2308 1176 2374 has
1202 2326 1335 2398 quoque
1360 2311 1475 2380 ¹turbas

343 2397 506 2489 probabili
527 2397 652 2463 ratione
675 2417 846 2462 removere
869 2420 924 2462 me
947 2419 1047 2484 posse
1070 2395 1220 2472 arbitror,
1243 2417 1352 2484 neque
1370 2396 1476 2486 patiar

265 2517 275 2542 ι
344 2485 388 2550 ob
410 2484 474 2549 hoc
502 2485 610 2550 solum
639 2483 802 2550 scholium
831 2483 964 2572 explodi
995 2483 1195 2549 sententiam
1216 2481 1336 2548 idoneo
1359 2483 1475 2550 funda·

343 2581 456 2636 mento
479 2572 600 2636 nixam.
644 2571 682 2634 ln
705 2595 779 2636 eam
802 2579 913 2634 autem
936 2593 1005 2635 rem
1027 2569 1110 2634 illud
1131 2568 1274 2658 primurn
1297 2569 1403 2635 teneri
1420 2591 1474 2634 ve-

343 2656 411 2728 lim,
434 2656 592 2746 integrius
616 2655 694 2721 olim
717 2655 835 2722 scholii
858 2655 987 2720 initium
1008 2655 1134 2722 lectum
1150 2655 1262 2730 luisse,
1285 2665 1322 2720 ut
1337 2663 1474 2746 apparet

343 2765 362 2810 e
391 2742 492 2808 suida
520 2743 580 2809 suh
614 2733 851 2825 Θαῤῥελείδης.
899 2735 1125 2822 ,,Σόμμαχος·
1156 2734 1391 2820 Ἀσωπόδωρος
1418 2737 1475 2800 καλ

342 2821 565 2908 Διδυμαχίας,
598 2821 615 2888 ὁ
639 2821 787 2913 ἀδελφὸς
810 2821 932 2908 αὐτοῦ,
962 2822 1016 2885 ἐπὶ
1039 2819 1237 2908 σμικρότητι
1260 2825 1473 2906 διεβέβληωτο

342 2912 403 2978 τοῦ
430 2909 597 2994 σώματος,
630 2937 714 3004 quae
743 2914 867 2981 omisso
891 2913 1093 3004 Symmacho
1122 2911 1170 2977 bis
1194 2914 1333 3004 repetita
1357 2914 1472 2982 eadem

342 3002 468 3070 ratione
491 3003 532 3068 ab
556 3002 674 3076 eodem
695 3012 773 3072 sunt
794 2999 911 3082 Suida,
939 3000 1000 3068 sub
1019 2993 1252 3085 Ἀσωπόδωρος
1275 3011 1309 3067 et
1330 2999 1392 3066 sub
1414 2995 1474 3060 Λι-

345 3158 549 3190 '‘ff-

413 3239 439 3304 1)
465 3239 564 3296 llornm
585 3240 729 3296 verborum
754 3239 869 3296 debebat
892 3259 999 3296 sensum
1022 3259 1054 3294 ex
1074 3236 1159 3294 lirare
1198 3240 1225 3295 ui
1245 3247 1368 3294 accurate
1387 3239 1473 3296 totoni

343 3307 436 3364 Aristo
449 3308 535 3374 banis
554 3309 641 3366 locum
660 3310 844 3384 pertractavit,
865 3305 897 3362 C.
909 3307 942 3362 de
954 3257 1083 3372 Leutsrb
1102 3307 1170 3364 lllus.
1210 3308 1271 3364 hen.
1292 3312 1358 3362 1834
1376 3329 1402 3383 p.
1414 3311 1473 3364 359.

342 3373 404 3452 Ipse
423 3328 488 3436 olim
505 3381 541 3436 ita
561 3377 720 3447 judicabam,
738 3398 791 3432 non
809 3374 969 3432 scholiastae
980 3377 1048 3432 haec
1066 3375 1116 3434 sed
1132 3376 1218 3456 ipsius
1236 3375 1395 3434 Teleclidee
1412 3395 1473 3434 esso

342 3447 439 3516 verba,
463 3449 500 3502 ita
519 3447 634 3504 fortasse
654 3444 868 3516 redintegranda:

586 3534 604 3562 υ
621 3532 637 3560 e
674 3512 688 3566 ὁ
706 3514 819 3579 κολοιὸς,
835 3511 928 3582 μικρός
945 3512 992 3583 alr,
1012 3515 1039 3565 ta
1054 3517 1106 3566 τῶν
1122 3517 1221 3584 πτερῶν

517 3635 523 3644 ,
576 3586 621 3647 τὴν
639 3583 759 3635 σύστασιν
776 3587 844 3650 φιλεῖ
863 3615 897 3626 -

342 3647 399 3704 1'.e.
416 3651 518 3710 κολοιός
535 3672 639 3728 quoque
658 3651 719 3720 ille,
737 3661 767 3708 ut
786 3654 831 3728 qui
848 3649 942 3720 μικρός
957 3653 1006 3718 sit,
1028 3659 1098 3708 amat
1115 3650 1219 3706 versari
1236 3669 1298 3706 curn
1316 3649 1390 3717 aliis,
1410 3669 1472 3718 con-

341 3717 482 3775 venienter
499 3720 646 3789 πτεροίματι
663 3741 727 3785 suo;
745 3741 805 3776 narn
823 3720 1058 3787 „ovroystaasota
1077 3716 1090 3769 ὁ
1109 3718 1211 3777 κολοιός
1229 3721 1272 3768 καί
1290 3718 1472 3786 φιλάλληλον*

342 3787 438 3854 (schol.
458 3789 552 3848 Venet.
576 3789 608 3846 ad
627 3791 703 3845 lliad.
721 3807 750 3858 ρ,
774 3793 843 3856 755).
867 3787 1159 3864 ·Quamqnam·latere
1184 3785 1289 3862 aliquid
1312 3789 1401 3862 potnit
1423 3801 1470 3843 err·

295 3907 302 3932 r
342 3859 470 3929 quisitius
488 3869 515 3914 et
531 3857 654 3916 facetius.
671 3894 703 3904 -
735 3857 790 3914 Sed
807 3862 831 3912 sl
849 3856 893 3912 illa
914 3877 1006 3912 revera
1024 3867 1087 3912 sunt
1105 3859 1113 3912 i
1134 3855 1362 3918 sius-Toleclidae
1376 3853 1475 3922 verba,

342 3945 375 3998 ap
397 3947 473 3982 arere
496 3929 616 3990 videtur,
641 3927 711 4004 qood
730 3930 832 4003 primus
851 3926 993 3980 scholiasta
1012 3878 1247 4000 Asoporibruma
1267 3923 1407 3980 Teleclide
1425 3944 1470 3979 su·

342 3945 476 4067 gilletum,
494 3995 671 4053 Tharrelidae
689 3996 775 4052 filiurn
793 3996 876 4050 luisse
895 3993 1022 4060 affirmat,
1043 3994 1163 4048 nonalia
1182 3995 1233 4050 niti
1255 3995 1377 4064 ratione,
1390 4012 1470 4067 quam

331 4061 414 4139 xquod
437 4063 482 4119 bic
504 4085 610 4140 quoque
628 4077 658 4122 ut
675 4064 775 4124 κολοιός
793 4065 825 4119 ab
844 4062 1024 4139 Aristophane
1041 4063 1191 4118 notabatur.
1231 4062 1326 4138 ltaque
1345 4063 1404 4132 jure
1421 4081 1470 4136 po·
1519 4099 1522 4118 1

340 4135 393 4188 tait
409 4135 505 4190 tertius
526 4135 672 4190 scholiasta
694 4153 816 4190 sooner-e:
839 4130 893 4181 οὐκ
916 4133 1004 4198 tressa
1024 4131 1052 4182 δὲ
1069 4130 1130 4182 υἱόν
1145 4129 1226 4180 αὐτοῦ
1253 4130 1297 4180 διδ
1314 4135 1359 4195 τῆς
1376 4147 1471 4195 κωμῳ-

341 4201 402 4261 δίας
423 4204 507 4258 εἰπεῖν.
546 4204 624 4260 Nune
646 4212 734 4257 autem
757 4202 886 4257 incertior·
907 4201 965 4256 risa
987 4201 1038 4255 ista
1058 4195 1091 4255 de
1109 4198 1264 4256 Teleclidae
1282 4218 1363 4254 versu
1381 4198 1470 4268 conje-

341 4280 426 4338 ctura,
446 4281 473 4326 et
490 4275 631 4357 acquiesco
649 4272 677 4325 in
693 4271 797 4344 vulgata
817 4271 956 4346 opinione,
975 4268 1138 4325 scholiastae
1156 4287 1216 4324 esse
1234 4268 1324 4335 verba,
1344 4285 1412 4342 quae
1429 4275 1470 4349 ta·

340 4357 402 4396 mon
425 4342 465 4396 sic
487 4341 568 4398 velim
591 4340 719 4409 refingas:
748 4341 792 4389 καλ
814 4336 829 4388 ὁ
848 4339 954 4398 κολοιὸς
970 4335 1061 4406 μικρός
1083 4337 1117 4388 alr
1140 4337 1166 4386 ἰκ
1188 4340 1240 4387 τῶν
1262 4339 1361 4402 πτερῶν
1377 4335 1471 4400 lemno

305 4447 327 4460 .
340 4409 461 4458 σόστασιν
478 4409 533 4472 ἔχει.
568 4407 611 4467 Cf.
628 4407 713 4466 schol,
726 4407 797 4467 Nub.
813 4411 878 4464 952:
905 4403 1036 4481 κριμνώδη
1051 4439 1087 4456 -ι
1108 4404 1165 4458 ἀντὶ
1180 4408 1227 4459 τοῦ
1246 4411 1355 4470 παχεῖαν
1372 4401 1470 4456 σύστα-

256 4501 260 4506 ’
343 4493 382 4528 σιν
399 4477 496 4539 ἔχοντα.
541 4510 556 4518 --

1613 1631 1616 1666 l

1611 1709 1616 1746 ι
