3250 5144
1284 287 1334 365 'lb

209 476 274 546 rint
301 474 333 544 ei
360 473 574 565 cognomines
602 471 806 562 grammatici
832 472 923 563 iique
951 473 985 540 in
1015 474 1153 562 diyersis
1182 474 1335 566 occupati

209 562 426 652 argumentis,
449 561 490 626 ab
512 560 729 649 Aristophane
752 583 819 626 non
841 558 980 627 retrahit
1001 560 1164 641 animum}
1188 561 1229 628 cl'.
1247 563 1337 628 euim

89 713 92 722 ,
208 652 313 718 schol.
337 649 474 716 Thesm.
498 655 582 719 1175
604 647 680 712 coll.
704 646 808 715 schol.
825 647 887 712 th.
908 654 973 722 sto
994 671 1091 738 supra
1114 671 1135 713 a
1154 647 1251 714 nobis
1274 658 1335 714 tra-

209 745 298 804 ctato
327 736 354 822 §.
378 725 436 816 18,
469 743 503 800 et
523 773 567 782 -
593 729 793 822 qulmquam
820 731 885 800 boc
913 732 1046 834 quidem
1077 743 1273 823 argumento
1300 735 1336 801 in

210 821 562 910 contrariam'quoque
584 829 713 906 partem
736 818 826 885 abuti
847 842 964 909 possm,
987 859 1031 870 -
1052 843 1118 886 non
1142 819 1264 886 scimus
1279 819 1336 887 bo-

199 910 261 976 *die
284 910 425 976 aliorum
446 929 579 997 quoque
601 916 732 997 praeter
746 903 1001 996 Aristophanem
1019 906 1081 972 scri
1110 916 1139 972 ta
1155 905 1337 973 illustrasse

193 993 448 1086 *Symmachum
463 1004 520 1059 aut
531 1003 661 1083 praeter
674 992 947 1059 commentarium
961 931 1237 1082 Aristoplraneum
1248 991 1337 1084 quic-

154 1117 157 1130 ι
209 1105 310 1172 quarn
333 1079 513 1171 scripsisse.
562 1079 649 1146 Nam
671 1079 760 1167 quod
784 1077 908 1144 Cratini
930 1101 1062 1168 quoque
1086 1079 1213 1145 fabulas
1237 1071 1338 1170 eripli-

161 1196 162 1211 *
209 1179 299 1235 catas
322 1164 559 1236 commentario
582 1189 600 1232 a
621 1163 824 1251 Symmacho
847 1164 948 1232 luisse
970 1163 1133 1255 Bargkius
1153 1164 1339 1245 contendit,

208 1253 431 1321 commentat.
453 1277 486 1343 p.
507 1255 589 1331 264,
612 1250 835 1330 Herodianum
857 1260 1054 1333 antestatus,
1076 1249 1248 1334 nrptpao.
1270 1245 1338 1328 λέξ.

207 1365 241 1431 p.
265 1349 324 1419 39,
346 1349 405 1420 263
438 1361 568 1416 vereor,
599 1361 640 1402 nc
664 1339 751 1425 justo
775 1337 871 1403 citius
892 1337 957 1404 hoc
980 1337 1043 1403 sibi
1065 1336 1267 1428 persuaserit
1289 1337 1340 1404 vir

209 1426 428 1493 doctissimus.
478 1423 685 1491 Herodianus
708 1422 797 1514 apim
819 1433 1006 1514 postquam·
1019 1423 1164 1505 monuit,
1193 1419 1340 1510 xvipolr

207 1509 269 1571 λον
297 1535 357 1602 pro
385 1504 469 1584 τύλη
497 1515 580 1576 'cum
613 1509 748 1600 reliquis
777 1509 894 1575 Atticis
922 1509 1176 1599 Aristophanem
1204 1532 1339 1604 quoque

188 1598 349 1676 dixisse,
378 1600 472 1686 cujus
495 1595 650 1687 apposuit
672 1618 786 1663 versus
809 1617 851 1661 ex
873 1595 1073 1688 Amphiarao
1095 1597 1234 1686 petitos,
1262 1603 1341 1687 post

207 1709 312 1777 pauca
342 1683 468 1773 adjecit,
489 1682 586 1748 haec:
619 1681 688 1740 ἐστὶ
715 1678 829 1762 μέντοι
850 1674 882 1740 oi
905 1681 962 1742 καὶ
985 1679 1042 1741 διὰ
1064 1679 1125 1742 τοῦ
1145 1702 1167 1762 y
1187 1675 1341 1768 γράφον-

208 1785 273 1830 σιν·
297 1763 331 1830 ἕν
340 1784 431 1830 τισιν
444 1769 478 1828 ἐν
493 1765 659 1847 μαλακοῖς
675 1761 840 1849 κρατύνον
857 1759 1078 1851 περιεφύλαξε
1090 1762 1287 1851 Σύμμαχος,
1297 1779 1341 1817 -“-
1412 1812 1414 1825 .

209 1881 293 2010 :prae
326 1866 418 1924 recte
451 1853 523 1920 sine
556 1853 656 1920 dubio
690 1853 878 1922 emendavit
907 1854 1067 1920 Blochius
1092 1853 1128 1919 in
1155 1853 1244 1921 hunc
1271 1876 1341 1920 mo-

232 1968 303 2009 um:
327 1937 360 2003 ἕν
374 1956 464 2000 τισιν
477 1936 514 2000 ἐν
528 1935 739 2012 Μαλθακοῖς
753 1935 928 2024 Κρατίνου
944 1936 1211 2024 παρεφύλαξε
1226 1933 1340 2022 Σύμμ,
1411 2001 1416 2010 Ι
1431 1963 1443 1980 ι

209 2029 252 2096 cl.
269 2027 446 2094 Herodian.
463 2053 493 2117 p.
511 2034 565 2107 36,
578 2035 637 2096 25:
661 2021 1027 2109 παραφυλακῖέθν,
1051 2017 1104 2086 31⁶
1118 2023 1158 2086 ῖό
1174 2021 1284 2112 φάρος
1297 2060 1342 2076 ···

208 2109 408 2195 ἀναδέχεται
440 2107 544 2171 πάλιν
576 2109 613 2170 ἐν
640 2106 793 2194 διαφόρῳ
822 2109 1055 2196 σημαινομένῳ
1082 2109 1127 2172 τὰ
1155 2107 1235 2197 τρία
1261 2109 1341 2191 γένη

208 2217 238 2263 ν.
260 2220 290 2261 τ.
313 2198 360 2283 h,
391 2199 481 2266 unde
504 2196 718 2289 perspicitur,
752 2191 1030 2280 παραφυλάττειν
1051 2197 1277 2267 Herodianum
1300 2193 1341 2266 eo

207 2287 360 2382 posuisse
389 2307 505 2366 sensu,
540 2297 607 2376 quo
634 2283 668 2348 in
698 2281 946 2373 Arismphaneis
979 2283 1113 2352 scholiis
1172 2286 1226 2352 oni
1256 2285 1343 2352 solet

208 2373 433 2457 παρατηρεῖν,
466 2371 488 2437 i.
511 2394 541 2437 e.
572 2371 746 2437 observare
773 2371 829 2435 vel
851 2370 1016 2458 singulare
1039 2310 1169 2460 aliquirlJ
1187 2381 1226 2439 et·
1244 2371 1342 2464 paulo

207 2461 404 2528 insolentius
428 2479 495 2524 non
515 2456 680 2522 incuriose
699 2456 865 2536 omittere,
889 2457 950 2524 sed
966 2480 1144 2546 agnoscere
1159 2457 1257 2542 idque
1274 2479 1344 2524 ver·

208 2549 261 2614 bis
284 2546 487 2634 consignare.
532 2541 570 2608 ld
592 2541 691 2631 igitur
713 2552 841 2608 certum
864 2552 925 2624 est,
947 2567 1015 2610 non
1038 2543 1103 2611 boc
1116 2543 1263 2612 voluisse
1278 2542 1343 2614 He-

168 2661 173 2669 ’
208 2633 398 2709 rodianum,
425 2626 667 2718 Symmachum
689 2627 722 2693 in
747 2628 905 2696 edendo
929 2627 1063 2696 Cratino
1086 2655 1187 2721 quam
1209 2629 1342 2699 invene·
1417 2677 1419 2698 .

206 2723 251 2787 rit
273 2718 468 2809 scripturam
496 2713 725 2781 retinuisse
754 2724 793 2781 et
821 2738 1031 2797 servasse3
1064 2727 1105 2784 ut
1127 2716 1192 2784 hoc
1212 2727 1344 2784 tanturn
1425 2749 1435 2771 x

210 2805 386 2896 disceptari
408 2801 528 2892 possit,
555 2801 589 2866 in
613 2803 868 2880 commentario,
891 2825 991 2891 quem
1013 2801 1047 2868 in
1071 2802 1245 2870 Cratinum
1266 2802 1343 2869 scri-

208 2893 320 2984 pserit,
344 2913 386 2957 an
409 2886 486 2954 alibi
507 2887 605 2953 istam
629 2887 897 2954 observationem
918 2887 1140 2977 Symmachus
1162 2912 1345 2980 proposue·
1417 2965 1419 2972 ‚

204 2981 267 3060 ·rit;
288 2978 369 3045 illud
418 2973 451 3040 ui
473 2975 611 3063 putabat
631 2972 811 3062 Bergkius,
834 2973 886 3040 ita'
902 2973 1103 3043 intellexerit
1123 2977 1225 3043 verba
1249 3000 1268 3043 o
1294 2999 1343 3044 or-

208 3075 275 3132 tet:
311 3063 370 3146 „in
394 3001 502 3129 loeis
531 3059 773 3150 quibusdam
799 3061 1086 3128 commentarii
1116 3063 1158 3128 ad
1183 3059 1269 3146 Mat
1303 3081 1344 3122 α-

210 3150 287 3224 uode
314 3148 528 3218 illustrandos
555 3146 669 3238 scripti
691 3147 884 3213 observasse
907 3147 1174 3235 Symmachum“
1199 3159 1277 3231 etc,
1300 3186 1344 3234 -ς

211 3257 329 3306 vereor
351 3244 390 3302 ut
411 3232 491 3300 satis
513 3243 619 3314 recte3
642 3255 751 3322 neque
775 3232 863 3299 enim
884 3233 1058 3323 perspicio,
1083 3235 1141 3324 qui
1163 3243 1231 3301 tam
1254 3258 1344 3324 egre·

211 3325 263 3415 gia
288 3333 345 3389 aut
366 3319 551 3388 necessaria
581 3320 642 3386 ista
666 3319 766 3386 luerit
788 3319 991 3402 observatio,
1022 3344 1122 3409 quam
1144 3322 1248 3387 semel
1271 3339 1344 3411 pro·

210 3411 290 3504 poni
312 3431 379 3476 non
401 3405 585 3486 suffecerit,
612 3406 669 3472 sed
692 3427 776 3491 quae
797 3406 838 3471 in
854 3406 976 3472 unius
1000 3406 1163 3472 tabulae
1186 3407 1343 3496 interpre-

208 3498 336 3564 tatione
352 3483 558 3582 Symmachd
571 3491 640 3559 visa
656 3491 702 3559 sit
714 3493 897 3560 identidem
914 3492 1107 3559 inculcanda
1118 3515 1208 3560 esser
1247 3493 1344 3560 Prae·

211 3594 320 3650 statne
347 3582 448 3668 igitur
475 3578 611 3646 alteram
645 3579 801 3671 amplecti
829 3579 1153 3670 interpretationem,
1186 3603 1250 3670 qua
1279 3579 1344 3646 hoc

213 3669 334 3735 dixisse
353 3665 578 3734 Herodianum
600 3676 699 3756 puto:
729 3660 765 3724 ἐν
786 3658 1064 3750 ἀντιγράφοις
1081 3669 1108 3747 ¹)
1131 3665 1221 3728 τισὶν
1240 3658 1345 3727 Mal.-

213 3751 336 3814 θακῶν
350 3746 520 3836 Κρατίνου
532 3749 772 3842 Symmachum
793 3773 871 3816 non
887 3750 1076 3842 fugiebat
1097 3751 1254 3844 scripturn
1271 3775 1344 3820 esse

213 3835 441 3921 γνὲφαλλον,“
471 3863 536 3929 qua
560 3838 700 3905 admissa
722 3838 808 3905 inter
834 3838 992 3904 rotatione
1016 3849 1153 3930 apparet
1175 3862 1274 3929 quarn
1296 3838 1344 3905 irr-

214 3936 341 3992 certum
372 3924 461 3993 istud
488 3924 764 4016 Symmacbeisiu
820 3924 964 3991 tatinum
993 3924 1220 3993 commentarii
1248 3924 1344 3993 vesti·

214 4065 416 4098 ...ἲ-.-

214 4131 269 4180 οῖον
290 4127 320 4179 τὸ
345 4121 542 4199 ἐπικαιρότατον
562 4131 606 4181 καὶ
628 4129 659 4182 τὸ
680 4132 791 4200 πρῶτον.
832 4127 914 4186 Certe
936 4147 989 4184 non
1006 4125 1145 4201 indignum
1164 4128 1344 4214 Aristophane

212 4217 321 4254 versum
344 4198 470 4253 arbitror.
493 4231 528 4242 -
562 4199 691 4255 Ceterum
716 4197 809 4254 eadem
833 4208 914 4274 atque
937 4197 1036 4254 Suidas
1059 4217 1095 4254 ex
1112 4197 1191 4254 Aelio
1210 4199 1344 4274 Dionysio
1439 4263 1446 4276 .

214 4268 308 4323 citavit
325 4267 448 4322 Euatath.
466 4265 499 4324 ad
517 4264 570 4322 0d.
588 4287 620 4335 α,
640 4287 667 4346 p.
686 4273 765 4334 laos,
788 4276 912 4323 monente
929 4265 1056 4324 Kustero.

281 4341 296 4391 3
327 4334 388 4392 Non
405 4336 454 4392 abs
472 4355 500 4390 re
519 4336 571 4390 erit
588 4355 710 4402 monera,
728 4336 794 4392 alibi
813 4354 919 4411 quoque
936 4337 965 4394 iu
977 4327 1203 4412 disputationibus
1215 4351 1344 4406 gramma-

209 4403 277 4485 ticis
321 4403 480 4460 erodianum
500 4403 602 4480 aliquid
619 4405 750 4462 tribuisse
770 4403 894 4461 codicum
913 4406 1082 4472 auctoritati,
1105 4412 1135 4459 ut
1152 4405 1177 4459 ei
1195 4399 1345 4472 ἀντίγραφα

213 4473 292 4528 artari
311 4482 409 4541 statuo,
428 4473 457 4527 id
474 4492 523 4551 per
541 4492 570 4528 se
588 4471 695 4549 quidem
712 4493 767 4530 uon
784 4471 931 4533 absurdum
947 4475 1001 4548 sit3
1018 4473 1081 4532 vide
1092 4473 1172 4530 modo
1184 4473 1275 4552 ipsum
1284 4471 1345 4543 mel

213 4559 272 4608 μον.
290 4541 313 4596 l.
330 4540 431 4600 librum
448 4563 477 4621 p.
492 4545 537 4611 tl‘,
554 4547 579 4600 1.
