3258 5134
1211 255 1222 266 “
1244 271 1297 355 ,ts

153 454 280 549 test)
305 485 367 552 per
388 483 505 530 manus
526 459 684 530 traditum
707 457 873 551 acceperit
893 456 1046 528 editionis
1068 457 1223 564 principis
1246 481 1296 528 or·

170 549 280 616 dinem
301 549 440 615 fideliter
467 571 632 629 servasse3
665 569 702 614 oa
732 547 820 614 enim
847 546 876 613 si
898 571 914 612 a
939 545 1297 637 Thesmophorrazusis

171 647 204 702 et
225 635 404 718 Lysistrata
426 633 619 710 recesseris,
641 643 732 699 tenet
754 655 833 700 sane
856 631 998 700 eundem
1021 633 1087 698 lere
1110 643 1208 723 atque
1230 634 1299 701 Ku-

170 722 311 788 steriana
334 721 495 802 ordinem,
518 720 580 786 nisi
603 719 692 808 quod
709 719 834 786 Pacem
854 728 931 810 post
945 720 1032 786 Aves
1054 720 1175 808 posuit,
1198 741 1299 809 quern

171 807 405 874 curKusterus
427 809 540 874 locum
562 804 748 898 mutaverit,
771 828 815 872 no
861 803 956 872 facile
979 804 1127 873 dixerim.
1172 805 1299 873 Verum

169 917 213 961 ne
235 894 355 982 Aletum
378 893 563 960 Manutium
591 892 727 981 quidem
753 891 809 958 vel
874 915 983 966 arcum
1010 891 1182 960 lliusurum
1209 891 1298 980 quie·

171 1003 270 1070 quam
293 978 461 1046 monuisse
483 978 634 1057 invenio,
654 1001 722 1066 quo
745 977 930 1044 fabularum
953 971 1101 1044 ordinem
1123 1001 1222 1068 quem
1245 978 1300 1044 ad-

169 1065 318 1134 miserint
339 1066 446 1155 aliqua
470 1076 558 1134 certe
581 1065 707 1130 ratione
730 1086 854 1138 senon
878 1074 1001 1130 temere
1025 1085 1063 1130 ac
1084 1065 1220 1136 fortuito
1242 1087 1300 1155 po-

172 1149 277 1220 suisse
304 1152 485 1220 docuerint.
535 1151 621 1218 Hinc
644 1151 796 1239 equidem
820 1149 898 1233 olim
922 1173 961 1218 eo
984 1149 1231 1254 confugiebam,
1260 1160 1303 1218 ut

172 1249 335 1329 putarem,
358 1239 500 1306 editores
522 1236 687 1327 principes
699 1237 741 1318 „in
758 1236 819 1302 hac
835 1259 966 1326 quoqne
983 1260 1018 1300 re
1033 1239 1184 1304 codicum
1199 1260 1302 1304 manu

88 1381 92 1388 .
171 1325 368 1414 scriptorum
390 1322 621 1392 auctoritatem
643 1332 802 1410 sequutus
826 1346 910 1390 esse.
960 1321 1028 1388 Sed
1051 1321 1128 1390 huic
1152 1322 1301 1414 opinioni

172 1434 252 1478 mox
275 1410 421 1476 diffidere
446 1411 557 1499 eoepi;
580 1431 780 1497 quamquam
804 1410 908 1488 enim,
930 1431 1014 1497 quae
1038 1420 1108 1476 erat
1129 1408 1302 1478 hominum

173 1500 245 1586 ejus
274 1497 431 1588 temporis
460 1485 633 1573 socordia)
664 1517 727 1582 qua
757 1495 834 1562 laeti
867 1495 1009 1560 inventis
1043 1520 1111 1562 non
1138 1498 1303 1563 duxmnnt

174 1606 292 1674 operae
316 1583 457 1673 pretium
478 1583 577 1648 simul
591 1583 800 1648 inventorum
816 1582 942 1647 fontem
957 1578 1109 1664 indicare,
1125 1619 1168 1630 —
1214 1605 1303 1650 nam·

172 1693 274 1758 quarn
295 1668 394 1756 igitur
412 1669 456 1754 de
480 1667 668 1747 codicibus,
698 1668 817 1756 quibus
840 1667 1018 1734 utebantur
1039 1668 1104 1750 illi,
1133 1605 1303 1759 quidpiam

171 1756 331 1846 suspicari
352 1755 438 1822 velle
462 1753 597 1820 difficile
620 1755 663 1819 sit
685 1764 721 1818 et
743 1752 845 1819 errori
862 1753 1052 1834 obnoxium,
1075 1753 1176 1820 hahet
1191 1766 1303 1820 tamen

173 1841 317 1931 aliquam
345 1842 413 1908 vim
441 1865 555 1908 eornm
585 1863 669 1929 quos
696 1819 850 1906 nohimus
880 1840 1031 1906 codicum
1056 1840 1302 1930 contemplatio,

173 1951 315 2016 quorum
337 1929 462 2000 nullus,
490 1938 651 2016 quatenus
674 1924 727 1993 hic
750 1949 882 2014 quoque
904 1949 965 2016 per
986 1927 1149 1995 editorum
1173 1949 1303 1994 accura-

174 2019 301 2080 tionem
328 2022 456 2080 certum
481 2012 556 2077 ferri
583 2023 694 2102 potest
715 2013 874 2097 judicium
889 2017 937 2092 ²),
966 2036 1043 2078 eum
1065 2021 1156 2079 tenet
1178 2013 1304 2080 fabula·

174 2125 248 2168 rum
272 2100 432 2180 ordinem,
455 2122 555 2186 quern
576 2097 853 2164 ceommentariis
869 2100 1024 2179 eruimus,
1046 2123 1145 2186 quem
1170 2123 1212 2166 ue
1227 2123 1304 2169 enm

175 2187 389 2276 sequentihus
413 2184 538 2273 aliquot
555 2183 736 2250 editoribus
751 2181 854 2248 Aldus
870 2195 1030 2271 sequutus
1046 2195 1108 2252 est.
1185 2209 1304 2276 amque

174 2275 305 2340 tametsi
352 2273 472 2338 uitres
501 2271 647 2336 notiores
671 2268 900 2336 tantummodo
927 2271 1129 2349 comoedias,
1158 2271 1304 2351 Plutum,

174 2359 308 2441 Nubes,
369 2381 461 2436 anm,
495 2356 666 2423 continent
694 2356 825 2422 codices
848 2355 959 2445 plures
987 2357 1114 2443 inventi
1142 2367 1219 2424 suut
1247 2360 1305 2447 qui

176 2445 312 2512 istarum
341 2445 526 2511 fabularum
554 2443 808 2508 convenientem
835 2437 967 2508 tabulae
997 2452 1127 2509 nostrae
1156 2443 1305 2510 ordinem

179 2541 327 2610 servant,
356 2529 595 2596 tametsi'unus
618 2529 740 2594 alterve
765 2527 863 2594 etiam
885 2538 1033 2617 repertus
1062 2538 1115 2595 est
1136 2529 1193 2617 qni
1213 2541 1305 2618 quat-

176 2627 253 2682 tuor
274 2617 399 2707 priores
421 2614 552 2682 tabulae
576 2624 705 2681 nostrae
729 2611 916 2680 comoedias
940 2615 1058 2682 eodem
1075 2625 1108 2680 at
1134 2625 1179 2698 ue,
1191 2618 1305 2684 tabula

178 2703 292 2770 ordine
315 2702 478 2770 continet:
499 2712 624 2781 tamon,
642 2697 674 2766 'si
697 2700 827 2788 quaudo
842 2701 954 2787 plures
972 2723 1057 2766 unus
1075 2639 1182 2769 eddex
1196 2715 1307 2770 servat

177 2789 317 2870 fabulas,
341 2799 475 2878 repente
494 2789 664 2877 antiquum
680 2787 774 2852 illum
790 2787 938 2854 ordinem
954 2797 1121 2854 mutatum
1136 2788 1305 2870 videmus;

176 2875 489 2960 maximamssautem
509 2873 572 2941 hae
592 2873 626 2938 in
647 2897 683 2940 re
705 2873 772 2939 vim
795 2870 896 2938 habet
917 2873 1001 2940 liber
1023 2873 1213 2958 Ravennae,
1237 2898 1305 2966 quo

177 2963 205 3030 si
227 2986 295 3028 non
316 2961 498 3050 antiquiore
519 3000 563 3010 —-
585 2961 673 3049 quod
697 2959 793 3026 facile
817 2959 1022 3040 crediderim,
1044 2999 1089 3026 —.-
1110 2973 1199 3028 ccrte
1222 2961 1305 3030 inte-

178 3049 284 3138 griore
308 3049 486 3114 nemodum
508 3069 588 3113 usus
613 3056 662 3111 est
683 3044 913 3135 Aristophanis
937 3045 1067 3122 codice3
1098 3071 1173 3114 eum
1197 3048 1307 3119 lovere

179 3135 303 3200 nimius
330 3133 508 3200 memoriae
537 3132 680 3223 prodidit
695 3135 725 3217 ³)
753 3129 819 3197 hoc
848 3129 960 3198 ordine
986 3131 1124 3223 scriptas
1141 3133 1322 3204 'exhibere

178 3219 380 3287 comoedias:
405 3220 558 3300 Plutum,
581 3219 710 3294 Nubes,
733 3217 858 3299 Ranae,
880 3219 978 3299 Aves,
1001 3215 1149 3307 Equites,
1171 3221 1306 3303 Pacem,
1353 3226 1355 3230 ’

179 3305 405 3397 Lysistratam,
426 3305 668 3384 Acharnenses,
686 3299 831 3406 vespas,
854 3305 883 3369 Τ
887 3301 1226 3394 hesmophoriazusas,
1243 3306 1306 3372 Ec-

180 3393 392 3474 clesiaausas,
414 3428 457 3440 -
479 3392 533 3460 cui
554 3389 609 3458 ille
628 3383 737 3458 'ordini
758 3413 793 3458 m
817 3389 904 3458 edito
928 3407 1060 3480 quoque
1083 3390 1305 3484 Aristophane

250 3633 276 3693 1)
293 3628 394 3685 luntin.
405 3625 432 3684 ll
449 3636 478 3684 et
494 3626 608 3683 fortasse
626 3628 706 3684 etiam
724 3626 839 3684 aliarum
857 3627 1022 3696 editoribns3
1039 3639 1067 3685 at
1083 3628 1208 3688 Jnntin.l
1226 3641 1253 3688 et
1265 3629 1306 3688 ill

182 3693 258 3766 longe
282 3697 333 3752 alia
356 3699 459 3754 ratione
477 3694 580 3753 fabulas
603 3695 807 3772 disposuerunt,
834 3697 884 3753 hac
907 3699 1030 3774 quidem:
1059 3697 1180 3767 Plutum,
1206 3697 1306 3771 Ranae,

183 3763 311 3828 Acheru,
329 3767 414 3834 Aves,
432 3764 550 3832 Eccles,
568 3763 674 3834 Nubes,
692 3767 817 3840 Equites,
837 3766 955 3843 Vespas,
974 3767 1080 3824 Pacem.

250 3835 278 3900 2)
295 3831 419 3890 Nondum
437 3837 506 3890 enim
524 3833 653 3890 hahemus
672 3836 792 3890 criticam
810 3833 926 3918 aliquam
946 3834 1079 3892 Codicum
1095 3835 1307 3912 Aristophaneo·

183 3919 240 3956 rum
258 3901 464 3980 descriptionem
483 3913 511 3958 et
528 3904 680 3970 historiam,
701 3903 727 3956 in
747 3923 797 3978 qua
816 3923 877 3977 qurs
894 3903 1027 3958 studuerit
1044 3905 1213 3964 err-omnium
1232 3904 1306 3960 codi-

183 3989 243 4024 cum
261 3969 348 4026 indolc
366 3973 529 4042 singulorum
548 3971 705 4026 affinitatem
722 3970 921 4040 demonstrare;
940 3992 990 4048 qua
1011 3975 1036 4026 in
1054 3993 1084 4028 re
1101 3972 1306 4032 collocationem

182 4036 333 4093 fabularum
354 4059 410 4094 rem
429 4059 488 4094 esse
508 4061 558 4096 non
578 4040 714 4099 minimam
732 4039 811 4094 facile
829 4047 945 4116 apparet.
981 4024 1074 4095 'lolem
1092 4052 1211 4096 auterno
1234 4060 1306 4100 eram

180 4108 234 4180 jam
252 4105 317 4162 licet
335 4128 348 4162 a
367 4107 520 4165 doctissimo
538 4107 688 4164 Fritzschio
710 4119 884 4186 exspectare3
930 4127 961 4162 ua
980 4110 1004 4162 si
1023 4129 1072 4178 ego
1091 4112 1130 4164 uti
1148 4120 1305 4188 potuissem,

181 4195 234 4230 non
257 4195 325 4300 opus
347 4173 462 4232 sortasse
490 4175 586 4231 inisset
612 4177 693 4232 rrmlta
724 4197 765 4232 mc
793 4187 820 4232 et
842 4127 953 4252 grandia
975 4177 1139 4253 perlustrare
1162 4179 1305 4246 volumina,

183 4265 250 4320 quae
296 4242 434 4300 oddallss.
452 4246 480 4298 in
497 4245 608 4318 singulis
627 4244 798 4302 bibliothecis
817 4257 970 4302 asservatos
989 4258 1143 4304 enumerant
1161 4258 1188 4304 et
1205 4249 1306 4304 descri-

182 4313 256 4382 bunt,
274 4333 368 4392 parum
387 4311 542 4386 plerumque
561 4311 605 4379 (ad
622 4326 741 4370 nostram
778 4315 954 4384 uidemrern)
973 4326 1105 4376 accurate.
1138 4315 1240 4374 Horum
1251 4315 1306 4375 lide

182 4379 255 4437 dicta
273 4391 346 4450 sunt,
373 4401 439 4456 quae
458 4401 520 4443 mox
538 4379 571 4436 de
589 4381 684 4438 ordine
702 4335 850 4444 fabularum
869 4383 1015 4452 affirmavi3
1041 4387 1069 4444 in
1086 4405 1139 4462 quo
1156 4386 1313 4459 negotiosi.

184 4470 289 4507 errasse
307 4449 506 4525 deprehendar,
525 4451 614 4505 erravi
631 4451 739 4507 invitus.

251 4523 278 4586 3)
296 4517 489 4589 Invernizzius,
507 4517 613 4576 Prosm.
631 4519 659 4575 in
672 4519 816 4599 'Aristopln
831 4539 860 4597 p.
871 4519 906 4578 X.
