3250 5144
318 303 394 376 110

242 531 246 539 x
316 485 527 558 scribendum
548 486 638 575 stra)
666 480 788 561 oltra
806 479 826 551 ὅ
847 479 1014 573 μουσικός,
1035 471 1192 580 idemque
1209 487 1442 582 intelligendus

315 575 434 657 homo,
481 576 513 642 ui
541 567 661 647 Φίλλις
681 567 700 634 ὅ
721 569 857 651 Δήλιος,
882 573 1041 654 μουσικὸς
1062 576 1153 642 audit
1175 579 1260 666 apud
1284 578 1405 646 Athen.
1427 579 1442 646 1

341 673 432 734 ‚121
456 600 499 736 h,
532 661 589 727 ubi
611 659 692 728 XIV
711 686 745 752 p.
767 669 831 733 634
852 662 902 740 D,
935 661 1003 726 noh
1032 661 1129 728 aliter
1148 669 1190 743 lat
1223 687 1254 731 re
1284 665 1317 729 in
1347 663 1443 731 schoa

300 687 368 850 'liis
390 747 637 849 Aristophaneis
666 771 730 814 uua
759 769 837 814 curn
857 747 1055 814 Aristoxeno
1079 749 1120 815 de
1142 687 1224 825 ead1¹

317 845 509 902 stimonrum
533 844 677 900 vocatur.

287 989 290 996 ἡ
402 921 469 987 Sed
492 917 542 986 his
565 918 777 1011 scriptoribus
802 927 869 986 tres
892 920 1104 1021 subjungam,
1134 919 1168 986 in
1192 944 1332 1011 quorum
1355 921 1442 988 inve·
1541 997 1542 1006 χ

1206 774 1260 816 em
1282 773 1318 817 re
1340 752 1374 818 in
1397 762 1442 817 te-

171 1065 177 1092 ,
269 1011 270 1020 ’
317 1006 435 1073 nienda
459 1015 567 1073 aetate
590 1030 631 1073 ne
655 1029 673 1071 a
695 1007 882 1095 conjectura
907 1007 1040 1094 quadem
1064 1016 1191 1073 certum
1215 1009 1375 1105 auxilium
1389 1033 1444 1098 pe-

316 1103 386 1160 tere
400 1092 510 1184 potui;
534 1092 641 1158 Dion
652 1091 801 1182 ysium,
823 1095 916 1180 eujus
934 1086 1140 1170 μονόβιβλον
1153 1092 1228 1174 περὶ
1244 1094 1304 1155 τοῦ
1315 1111 1445 1176 χαιριιν

194 1219 196 1228 .
316 1176 354 1238 ἐν
374 1181 450 1251 ταῖς
471 1176 664 1250 ἐπιστολαῖς
684 1178 804 1245 citatur
830 1177 864 1244 in
887 1177 990 1260 schol.
1013 1177 1100 1246 Plut.
1123 1187 1205 1259 3223
1239 1178 1443 1247 Philetam

317 1264 553 1355 Ephesium,
576 1265 627 1332 bis
649 1265 691 1330 de
715 1265 832 1332 eadem
847 1287 880 1330 re
897 1266 1076 1346 laudatum,
1097 1265 1131 1331 in
1147 1265 1250 1331 schol.
1266 1264 1342 1335 Pac.
1359 1275 1444 1338 1036

192 1363 195 1372 “
317 1361 352 1418 et
372 1354 432 1420 Av.
446 1360 521 1430 962,
543 1352 632 1418 unde
654 1375 712 1418 sua
735 1351 844 1418 hausit
859 1351 977 1418 Suidas
1000 1355 1061 1417 sub
1083 1341 1192 1424 Βάκις
1214 1362 1248 1418 et
1276 1350 1444 1429 ψιληιᾱςς

317 1436 458 1530 denique
486 1437 747 1518 Praxionem,
781 1439 874 1524 cujus
901 1432 1080 1519 Μεγαρικοὶ
1108 1438 1250 1506 citantur
1276 1437 1311 1504 in
1338 1437 1444 1506 schol.

192 1561 234 1610 .‘
273 1560 286 1608 t
315 1524 444 1592 Eccles.
472 1532 530 1604 183
561 1547 702 1613 quorum
731 1523 758 1590 si
788 1524 861 1613 quis
889 1523 970 1590 mihi
999 1533 1140 1612 aetatem
1169 1525 1445 1591 demonstraverit

315 1611 409 1679 lucro
431 1610 609 1700 deputabo.
653 1610 721 1676 Sed
744 1620 929 1676 ceterorum
952 1611 1099 1676 omnium
1121 1611 1335 1700 scriptorum,
1363 1635 1444 1700 quo-

316 1719 389 1762 rum
416 1695 449 1762 in
473 1695 606 1762 scholiis
630 1704 725 1762 extat
745 1697 920 1776 memoria,
949 1709 1072 1763 certam
1096 1721 1169 1762 esse
1193 1707 1335 1763 aetatem
1358 1697 1444 1763 albr-

316 1806 406 1848 mare
429 1781 549 1860 audeo,
570 1783 633 1850 nisi
656 1783 741 1848 forte
764 1782 881 1884 aliquis
903 1783 957 1850 vel
979 1783 1063 1871 sugit
1084 1805 1138 1848 me
1153 1782 1304 1862 invitum,
1327 1783 1443 1850 vel-ita

317 1868 398 1936 mihi
419 1868 593 1958 imposuit,
621 1878 660 1954 ut
681 1868 794 1935 furtim
816 1879 983 1935 incertae
1006 1869 1123 1934 aetatis
1145 1868 1317 1940 bominum
1340 1870 1445 1936 socie-

315 1964 423 2022 tatem
455 1979 491 2022 se
519 1954 740 2022 insinuantem
769 1978 835 2021 non
865 1955 1149 2045 deprehenderim.
1208 1954 1331 2031 Verum
1359 1956 1446 2022 inter
1541 2017 1542 2044 ,

315 2039 391 2106 illos
414 2050 494 2107 sunt
514 2063 656 2131 quoque,
679 2065 762 2130 quos
784 2051 861 2133 post
882 2042 1119 2132 Symmachum
1142 2041 1292 2108 floruisse
1316 2051 1443 2108 certum
1541 2097 1542 2106 ,

249 2200 256 2208 ,
317 2136 377 2206 est,
399 2149 541 2215 quorum
558 2136 669 2194 tamen
692 2138 800 2196 aetate
816 2151 878 2217 ego
900 2151 965 2192 non
988 2125 1141 2207 adducor,
1165 2137 1202 2193 ut
1217 2128 1321 2195 serius
1343 2146 1446 2218 quam
1541 2195 1542 2204 ,

316 2235 414 2304 supra
428 2223 507 2281 terat
530 2214 733 2305 expositum,
761 2215 999 2306 Symmachum
1020 2214 1143 2282 vixisse
1165 2223 1293 2306 putem.
1417 2250 1419 2254 .

824 2420 851 2508 t·
880 2427 934 2492 aa.

401 2555 479 2622 Jam
505 2554 593 2642 enim
622 2579 662 2622 eo
679 2567 752 2624 'nos
781 2555 1011 2647 disputationis
1035 2561 1169 2623 nostrae
1193 2555 1273 2623 ordo
1295 2553 1443 2638 deduxit,

287 2684 291 2687 <
315 2662 383 2732 quo
407 2643 581 2733 omninpe
605 2644 887 2732 comprobandum
911 2653 976 2726 est,
1002 2641 1166 2708 liberrime
1189 2640 1384 2709 scholiastes
1407 2643 1443 2710 in

311 2727 507 2817 Symmachi
533 2731 728 2832 usurpandis
751 2729 853 2820 copiis
877 2752 949 2795 esse
971 2741 1117 2795 versatos
1140 2730 1252 2817 itaque
1274 2729 1307 2794 in
1332 2727 1441 2794 alieno

317 2827 482 2906 grassatos
506 2817 683 2893 domicilio,
706 2827 873 2908 utraeque
896 2815 1037 2905 arripere
1060 2815 1121 2880 sihi
1137 2816 1250 2904 quodi
1276 2815 1343 2880 sius
1360 2825 1446 2895 erat,

316 2926 424 2991 neque
447 2900 566 2968 inferre
589 2903 704 2978 aliena,
727 2927 811 2992 quae
834 2902 874 2968 ab
897 2893 968 2992 ipso
992 2925 1111 2990 magno
1137 2924 1190 2967 ere
1209 2839 1440 2981 abhorrebant,

317 2988 546 3057 dubitaverint.
574 2989 657 3069 ,sed
679 2989 812 3054 luerunt
832 2997 942 3054 tamen
970 2986 1055 3052 inter
1077 2925 1268 3059 scholiastes
1291 2987 1345 3053 alii
1369 2987 1441 3053 aliis

316 3075 486 3162 justiores3
520 3074 694 3164 minusque
720 3075 769 3150 eis
795 3089 1004 3151 succenseo,¹
1026 3074 1081 3163 qai
1106 3084 1178 3139 tom
1199 3073 1440 3161 subscriptione

316 3162 440 3250 aliqua,
474 3161 603 3262 qualem
632 3164 666 3227 in
690 3161 819 3228 Veneto
848 3170 881 3226 et
902 3160 1056 3227 Leidensi
1084 3161 1197 3226 codice
1227 3159 1441 3250 deprehendi-

316 3271 407 3328 mus,
437 3269 570 3312 corsua
600 3247 689 3340 plera
715 3272 756 3315 ue
783 3247 892 3314 omnia
921 3247 1063 3312 debeant
1084 3247 1284 3326 indicarunt,
1311 3255 1384 3312 tum
1406 3245 1441 3312 in

316 3333 520 3422 singulorum
542 3333 647 3402 fortna
670 3357 705 3401 sc
732 3334 871 3403 oliorum
894 3329 1106 3421 Symmachei
1135 3331 1359 3398 commentarii
1382 3331 1440 3397 ali-

316 3445 415 3512 quam
445 3421 590 3511 speciem
619 3423 831 3487 retinuerunt.
882 3417 969 3485 Tum
996 3419 1076 3484 illud
1100 3435 1233 3508 quoque
1254 3417 1441 3484 scholiastis

316 3531 384 3574 non
406 3529 605 3597 magnopere
628 3517 755 3576 vertam
775 3507 873 3584 vitio,
901 3504 991 3594 quod
1013 3504 1205 3594 Symmachi
1226 3527 1349 3570 nomen
1370 3514 1441 3570 tam

316 3615 388 3658 raro
417 3603 656 3683 apposuerunt;
687 3615 764 3659 narn
794 3593 822 3659 si
848 3591 883 3657 in
911 3591 1152 3680 subscriptione
1178 3599 1378 3657 monuerunt
1403 3588 1440 3654 in

315 3679 514 3757 universum,
538 3703 638 3769 quem
659 3678 783 3758 fontem
807 3678 939 3766 sequuti
961 3677 1099 3744 fuerintr
1121 3675 1178 3766 qui
1201 3695 1284 3766 opus
1300 3684 1381 3753 erat,
1403 3675 1441 3741 in

316 3765 453 3856 singulis
475 3765 661 3857 quibusque
683 3765 816 3832 scholiis
839 3765 981 3830 eundem
1003 3764 1130 3834 iontem
1148 3763 1258 3828 denuo
1273 3761 1440 3828 indicare?

316 3853 432 3944 ltaque
455 3853 517 3920 etsi
539 3853 712 3940 commode
736 3851 892 3918 accidisse
914 3850 1062 3928 dixerim,
1085 3849 1112 3914 si
1127 3846 1192 3918 hoc
1205 3849 1329 3915 illudve
1343 3847 1440 3920 scho-

316 3938 398 4007 lium
421 3938 554 4005 aliunde
576 3940 826 4026 cognoverimus
849 3939 872 4002 S
897 3936 1040 4002 mmachi
1063 3957 1146 4016 esse,
1163 3974 1206 3984 -
1228 3935 1441 4024 quemadmo-

317 4026 395 4091 dum
419 4024 520 4091 scho'l.
537 4026 595 4092 hv.
611 4032 675 4096 530
693 4049 734 4091 ex
748 3961 894 4110 Etymoi
909 4023 996 4111 lll'ag.
1018 4022 1079 4088 sub
1101 4013 1275 4107 βλιμάζιιν
1294 4020 1441 4087 vidimus

317 4111 359 4176 ad
382 4110 620 4200 Symmachum
639 4111 848 4178 referendum
871 4132 959 4191 esse,
982 4143 1022 4156 ·-
1043 4119 1155 4177 tamen
1176 4107 1218 4174 ob
1242 4129 1315 4173 eam
1360 4129 1441 4171 uam

317 4196 385 4270 dixi
407 4220 540 4263 causam
562 4220 628 4262 non
650 4221 746 4286 aegre
770 4197 855 4276 lero,
877 4195 968 4282 quod
988 4203 1058 4260 tam
1079 4218 1152 4260 raro
1176 4193 1326 4284 apposito
1337 4130 1442 4280 Sym-

315 4282 425 4350 machi
447 4282 579 4350 nomine
601 4282 678 4350 huic
700 4305 817 4350 sesua
841 4282 960 4349 debere
981 4279 1179 4351 scholiastae
1199 4277 1340 4371 professi
1361 4277 1443 4361 sint,

386 4488 412 4556 l)
429 4484 580 4573 Utrumque
597 4507 694 4544 nornen
718 4469 788 4616 apud
805 4484 918 4544 suidam
931 4441 969 4542 ⁴at
986 4485 1153 4542 Athenaeum
1170 4501 1276 4560 qunque
1294 4488 1462 4538 commuue.

316 4562 387 4619 rum,
409 4553 442 4612 cl.
460 4555 616 4632 schwergt.
632 4557 666 4613 ad
684 4557 724 4614 xl
750 4598 759 4627 ,
776 4579 804 4634 p.
820 4555 909 4612 sart)
926 4579 961 4608 =
977 4553 1054 4614 Tom.
1072 4559 1097 4623 7,
1115 4573 1141 4627 p.
1155 4558 1215 4610 tta.
