3250 5144
670 495 699 585 a.
727 502 782 570 ιι.
884 427 910 479 ”

248 629 399 706 Tandem
422 628 462 696 ad
477 626 631 700 ultimum
647 626 769 694 accedo
785 635 1026 715 argumentum,
1049 651 1117 718 quo
1130 653 1197 700 non
1213 629 1290 700 alie.

161 739 241 784 num
265 740 337 784 esse
361 715 596 806 aSymmacbo
619 707 814 809 dnbuytma,
838 739 855 779 a
879 713 1063 790 scholiastis
1085 728 1291 808 usurpatum,

160 803 384 876 demonstrare
408 827 462 870 me
484 803 582 904 po'sse
605 803 712 868 credo.
757 800 820 866 Est
840 802 874 866 id
897 802 1095 868 ascribendi
1112 805 1290 892 cogitandi·

160 913 226 978 que
248 891 373 957 ratione
396 900 583 980 repetitum,
607 888 694 976 quud
719 887 850 954 tametsi
874 887 1010 978 pulchre
1032 890 1103 958 scio.
1117 913 1215 979 quam
1232 891 1290 958 sat-

158 976 214 1042 lax
235 1000 334 1068 saepe
357 973 401 1042 sit
423 987 458 1042 et
480 975 514 1042 in
537 997 680 1042 errorem
704 973 803 1038 ducat
824 985 1070 1061 argumentum,
1098 986 1210 1042 tamen
1230 977 1290 1044 nbi

157 1062 250 1154 ptura
281 1065 314 1127 in
338 1062 477 1128 eandem
505 1085 574 1128 rem
589 1060 813 1127 consentiunt
835 1061 1039 1143 testimonia,
1067 1061 1131 1130 boc
1154 1086 1288 1152 quoque

159 1159 212 1216 cst
234 1149 372 1241 aliquid,
395 1172 460 1238 quo
485 1172 595 1214 carere
617 1148 673 1213 vix
696 1162 890 1238 possumus,
913 1150 1050 1300 cuipue,
1080 1149 1107 1214 si
1131 1151 1289 1240 suppetit,

159 1235 283 1324 aliquid
305 1261 364 1326 par
387 1245 437 1302 est
458 1235 618 1300 momenti
636 1233 778 1300 tribuere
799 1243 832 1298 et
847 1233 918 1324 ipsi.
997 1235 1159 1324 epetenda
1176 1249 1289 1304 autem

157 1319 211 1388 hie
235 1323 346 1390 denuo
375 1324 447 1410 ejus
469 1322 586 1388 schotii
616 1320 773 1387 memoria
798 1329 865 1400 est,
898 1323 987 1404 quod
1010 1321 1143 1410 saepius
1165 1322 1289 1410 jamin

155 1417 224 1474 tota
253 1407 315 1474 hae
344 1407 566 1496 disputatione
596 1407 720 1495 adjuvit
747 1429 807 1471 nos
831 1408 977 1496 egregie,
1013 1407 1053 1472 ad
1077 1408 1164 1474 Plut.
1189 1416 1288 1480 1037:
1432 1461 1439 1494 ,

157 1487 194 1554 ἐν
213 1493 258 1572 τῷ
279 1489 498 1571 ὑπομνήματι
519 1483 630 1564 οὕτως·
664 1491 785 1554 τοῦτο
808 1486 1077 1552 τίὲσιινούκ
1099 1477 1210 1575 οἶδα,
1233 1483 1289 1554 ὅτι
1346 1459 1352 1565 ί
1399 1495 1429 1570 ts

156 1575 192 1638 δὲ
215 1572 444 1657 συμβάλλεται
466 1575 502 1639 ἐν
523 1576 669 1662 Μαρικᾷ
691 1574 883 1650 Εὐπόλιδος
904 1565 992 1638 οἶδα·
1022 1573 1116 1638 κάκεῖ
1137 1576 1204 1664 γὰρ
1224 1577 1289 1656 τὴν
1344 1568 1349 1587 ’

151 1657 355 1750 Ὑπερβόλου
376 1663 505 1750 μητίρα
527 1663 629 1749 τηλίρι
652 1653 773 1738 εἰκάζει
794 1665 836 1749 τῇ
857 1658 1002 1748 πλατείᾳ
1029 1659 1144 1725 σανίδι
1164 1684 1192 1729 κ.
1209 1684 1238 1729 τ.
1254 1663 1288 1731 λ.
1336 1704 1343 1723 .

154 1751 241 1820 Hinc
263 1753 355 1819 vides
379 1777 478 1841 quam
506 1753 635 1818 sobrius
658 1751 756 1818 suerit
784 1751 945 1843 interpres
967 1747 1210 1831 ὑπομνήματθς
1231 1777 1287 1820 au-

154 1850 225 1904 ctor
247 1862 412 1929 quamque
436 1838 567 1906 alienus·
585 1839 626 1904 ab
651 1862 765 1906 eorum
789 1839 932 1916 leuitate,
956 1838 1012 1927 qui
1027 1840 1170 1929 pessima
1187 1863 1286 1928 quae-

154 1948 219 2014 que
240 1925 355 2015 capitis
377 1927 504 1992 somnia
528 1926 696 1991 effundere
713 1935 746 1990 et
760 1925 873 1992 nescio
888 1925 967 2014 quid
983 1925 1117 1992 absurdi
1134 1935 1167 1991 et
1181 1926 1286 2016 inepti

153 2010 307 2078 hariolari
332 2011 458 2078 malunt
481 2011 652 2090 libentius,
674 2034 773 2098 quam
796 2011 922 2084 nescire
945 2036 980 2078 se
1004 2012 1172 2102 quidpiam
1195 2011 1285 2101 inge·

153 2120 220 2164 nue
243 2097 348 2162 fateri.
393 2097 459 2163 Sed
483 2095 624 2185 quaein
648 2095 884 2161 commentario
899 2099 1108 2186 conspicitur
1131 2108 1226 2164 cauta
1250 2108 1286 2166 et

153 2183 261 2250 sobria
290 2184 526 2271 interpretandi
557 2182 654 2258 ratio,
694 2183 810 2248 eadem
837 2183 871 2246 in
897 2182 946 2250 eis
974 2183 1111 2248 recurrit
1138 2184 1282 2265 scholiis,

152 2271 477 2360 quibas,.praelixum
499 2265 693 2356 Symmachi
715 2291 836 2333 numen
860 2279 926 2348 est;
953 2269 1030 2335 vide
1052 2269 1155 2335 modo
1178 2270 1286 2338 schot.

151 2363 210 2426 Ay.
229 2367 325 2427 1297:
346 2357 455 2442 σαφὲς
470 2350 575 2418 ὀὐδὲν
597 2348 685 2416 ἔστιν
706 2347 825 2436 εὑρεῖν.
863 2353 968 2420 schol,
984 2357 1043 2421 Av.
1062 2364 1158 2426 1379:
1181 2355 1284 2418 τοῦτο

84 2456 90 2466 ’
152 2441 188 2506 δὲ
211 2435 271 2501 οὐκ
295 2437 384 2502 ἔστιν
405 2437 521 2522 εὑρεῖν,
566 2441 668 2507 schol.
692 2441 752 2508 hv.
777 2447 876 2511 1679:
910 2437 971 2501 oen
1001 2433 1090 2502 ἔστιν
1117 2435 1135 2500 ὁ
1158 2437 1282 2504 τούτου

150 2529 230 2601 νοῦς
244 2524 398 2616 φανερός.
432 2527 535 2595 schol.
551 2528 611 2594 Av.
631 2537 726 2597 1001:
747 2523 789 2585 τὰ
805 2525 840 2584 δὲ
857 2521 931 2602 ἑξῆς
946 2521 1144 2603 ἀδιανόητα.
1174 2529 1280 2597 schol,

151 2615 264 2707 Equit.
283 2624 364 2686 958:
395 2606 503 2674 ἔοικε
523 2606 669 2694 χρησμός
690 2631 740 2686 τις
762 2595 858 2674 εἶναι.
902 2614 1004 2682 sebui.
1027 2616 1088 2700 Av.
1110 2622 1189 2688 439:
1211 2606 1282 2678 At-

149 2695 290 2764 σωπείου
313 2691 412 2778 λόγου
434 2692 457 2777 ἢ
477 2695 631 2760 τοιούτου
653 2697 757 2776 τινὸς,
790 2692 896 2760 ἔοικε
917 2698 1128 2779 μεμνῆσθαι.
1173 2702 1279 2771 schol,

149 2787 261 2882 Equit.
285 2796 385 2859 1253:
413 2779 612 2870 φαίνεταί
634 2803 684 2857 τις
704 2782 921 2869 γραμματεύς
942 2772 1049 2873 οὗτοςζ
1093 2786 1194 2854 schol,
1217 2790 1279 2858 Av,

26 2875 30 2880 '
146 2883 246 2948 1294:
270 2869 497 2958 φαίνονται
519 2869 582 2934 τὸν
595 2870 795 2956 Λυκοῦργον
808 2862 999 2949 Αἰγύπτιον
1017 2857 1104 2934 εἶναι
1125 2867 1279 2955 νομίζον-

147 2981 201 3035 τες
221 2953 246 3036 ἢ
266 2956 304 3019 τὸ
326 2958 419 3040 γένος
439 2951 463 3037 ἢ
485 2957 564 3033 τούς
585 2951 736 3036 τρόπους.
779 2959 883 3026 schol.
900 2958 981 3027 Rau,
998 2968 1078 3032 744:
1099 2955 1290 3046 patior..

147 3065 219 3107 τοι
239 3087 282 3096 -
309 3045 450 3124 λέγειν.
495 3045 846 3136 schothsp.1302:
879 3040 1107 3123 εὐλογώτατον
1134 3040 1185 3125 δν
1212 3044 1276 3124 εἴη

147 3129 307 3214 τραγικὸν
338 3127 522 3212 ὑποκριτὴν
557 3125 734 3218 Φρύνιχον.
783 3131 886 3198 schol.
917 3134 976 3198 dv.
1005 3139 1086 3206 303:
1118 3126 1277 3212 μήποτε

148 3212 220 3301 οὐχ
243 3215 389 3280 interut
411 3214 499 3278 ἀλλὰ
523 3211 583 3278 δύο
607 3224 765 3306 (quocum
788 3219 901 3289 confer
922 3217 1004 3284 mihi
1020 3219 1101 3286 haec
1119 3219 1152 3286 in
1171 3221 1275 3290 schol.

146 3307 282 3378 0017:
312 3295 372 3364 οὐκ
393 3299 507 3388 ἔχομεν
528 3303 564 3365 δὲ
586 3301 659 3362 υἱον
681 3299 789 3364 αὐτοῦ
811 3301 868 3364 διὰ
890 3303 950 3379 τῆς
971 3301 1144 3390 κωμῳδίας
1159 3298 1275 3372 εἰπεῖν.

145 3387 273 3474 μήποτε
296 3375 358 3452 οὖν
377 3431 421 3440 -
447 3387 533 3452 κατὰ
556 3384 762 3476 περίφρασιν
786 3387 915 3472 εἴρηκεν
940 3410 969 3452 κ.
989 3410 1021 3454 τ.
1039 3392 1070 3453 λ.
1100 3416 1185 3484 quae
1207 3415 1280 3462 ma.

147 3480 195 3570 gis
218 3483 286 3568 jam
311 3478 482 3570 apparebit
509 3503 567 3546 cur
589 3502 685 3575 supra
705 3483 732 3559 ¹)
762 3478 961 3570 conjecerim
984 3479 1176 3568 Symmachi
1199 3504 1281 3579 epse,

145 3567 245 3637 verba
263 3565 365 3632 schol.
381 3567 441 3632 Av.
459 3571 544 3637 1294
564 3582 692 3643 μηπθτε
708 3576 770 3632 etc.
785 3569 815 3644 ²t
852 3564 955 3632 schol.
972 3565 1081 3653 Equit.
1096 3573 1153 3636 84:
1177 3561 1274 3646 Σομ-

114 3726 117 3736 p
145 3671 249 3731 μαχος
271 3651 306 3710 δέ
329 3669 414 3738 φησι
435 3648 633 3738 ψεύδεσθαι
654 3647 785 3732 ιδπερὶ
805 3645 1070 3731 Θεμιστοκλέους.
1109 3647 1184 3714 οὔτε
1206 3651 1273 3740 γὰρ

106 3739 113 3746 '
142 3731 340 3818 Ἡρόδοτος,
366 3733 441 3800 οὔτε
469 3733 675 3813 Θονκυδίδης
696 3735 831 3822 ἱστορεῖ.
876 3739 978 3806 schot.
1002 3739 1083 3804 Ran.
1107 3742 1206 3810 1225:
1227 3779 1273 3790 --

143 3817 377 3905 παρατήρησις
403 3819 463 3885 τοῦ
486 3819 670 3910 Σομμιίχον
687 3861 750 3887 -.
800 3825 895 3909 Quae
923 3823 952 3892 si
980 3835 1112 3930 reputas
1140 3825 1278 3894 tertiam!

145 3933 257 3978 earum
281 3911 545 3980 observationum
564 3935 636 3980 esse
651 3921 777 4005 partem
794 3911 992 4000 quibuscum
1007 3911 1199 4000 Symmachi
1213 3936 1271 3979 no·
1311 3943 1315 3948 ·

143 4003 220 4063 men
244 3997 377 4063 omnino
400 4002 613 4088 conjunctum
636 4010 703 4080 est,
728 3998 907 4078 concedes,
930 3998 1062 4088 opinor,
1085 3997 1165 4064 mihi
1188 3997 1271 4066 inte·

142 4107 238 4172 grum
266 4083 458 4174 Symmachi
491 4083 762 4153 commentarium
795 4085 953 4152 refertum
981 4085 1077 4175 plane
1107 4086 1270 4173 ejusmodi

89 4247 93 4257 Ι
165 4169 271 4236 ravidi
294 4179 328 4237 et
349 4171 436 4236 cauti
467 4172 565 4238 animi
588 4172 717 4240 indiciis
740 4171 859 4252 fuisse,
893 4182 992 4261 atque
1016 4169 1099 4238 adeo
1122 4194 1196 4238 cam
1218 4195 1269 4240 so·

141 4194 315 4325 brietatem
338 4266 372 4324 et
393 4257 487 4348 quasi
508 4257 718 4329 timiditatem
739 4253 872 4352 penitus
893 4260 965 4349 ejus
980 4257 1090 4341 animo
1105 4257 1206 4326 fuisse
1220 4258 1268 4326 in·

1326 3701 1351 3774 λ’
1392 3725 1476 3791 &stt

1446 3831 1451 3850 ι

209 4426 473 4532 umnam.

198 4531 238 4602 ¹2)
255 4529 301 4589 Cf.
317 4531 416 4608 Bergk.
433 4533 585 4593 Commorat.
602 4549 630 4614 p.
646 4535 690 4589 tt).
