3250 5144
1233 245 1308 369 ror

160 455 264 554 ¹ticos
284 507 430 575 quorum
451 479 486 550 in
501 480 717 562 emendanda
726 479 946 572 Aristophane
967 479 1074 572 posita
1089 502 1189 574 opera
1204 477 1313 549 lausto

177 573 329 665 quodam
352 595 431 638 casu
452 568 611 660 innotuit,
638 569 750 660 plures
772 569 875 635 etiarn
897 569 930 633 in
953 567 1070 635 eadem
1092 589 1129 635 se
1146 567 1315 660 ‘palaestra
1403 597 1404 604 ¹
1469 651 1470 663 ἵ

177 659 408 738 exercuerint,
436 675 579 745 quorum
600 679 687 722 nunc
713 654 800 721 inter
820 655 1015 744 interpretes
1037 663 1168 721 tantum
1189 653 1314 722 Aristo·
1398 681 1400 686 ’

177 727 488 836 Ρὴεηεόεκοίαηιηι
515 764 638 809 nomen
667 749 718 808 est
741 750 797 806 aut
819 741 903 807 adeo
925 739 959 806 iu
980 740 1044 808 hac
1065 763 1198 844 quoque
1219 749 1315 830 parto

177 853 319 922 prorsus
347 829 482 899 interiit.
532 828 601 894 Sed
628 850 712 916 quos
736 827 925 894 etiamnunc
947 850 1162 915 eognovimus
1184 828 1315 897 criticos
1338 853 1342 876 r

179 915 445 1006 Aristophaneos
458 913 613 1004 deinceps
626 914 841 980 enumerabo:
865 913 1147 1004 Asclepiadem
1165 912 1198 980 in
1210 914 1316 984 schol.

179 1002 270 1086 Ran.
298 1009 395 1078 12743
418 1001 637 1090 Didymum
658 998 692 1064 in
714 1000 818 1066 schol.
835 997 911 1068 Pac.
927 999 1316 1082 797;,(lallistratunr

179 1091 218 1156 iu
241 1088 347 1156 schol.
365 1085 464 1178 Vesp.
490 1095 569 1167 7723
597 1083 679 1152 Rau.
702 1095 783 1164 2703
812 1085 889 1152 ibid.
905 1093 985 1165 56713
1013 1085 1217 1176 Thesmoph.
1233 1096 1298 1162 917
1306 1113 1317 1172 ;
1391 1133 1392 1140 κ

180 1174 441 1256 Demetrium
465 1170 744 1240 Zenodoteum
767 1172 800 1236 in
822 1169 928 1239 schol.
951 1170 1028 1240 Pac.
1050 1181 1127 1257 1233
1150 1175 1317 1265 Apollo-

182 1262 329 1334 dorum
353 1259 596 1326 Tarsensem
618 1257 653 1324 in
674 1258 777 1324 schol.
802 1257 883 1324 Ran·
904 1265 970 1330 320
988 1261 1033 1344 ¹];
1062 1259 1319 1341 Cratetem')
1372 1266 1373 1270 ’

180 1347 219 1422 in
236 1346 343 1430 schol.
359 1344 531 1422 Ranaao.
576 1342 821 1430 Dionysium
843 1343 897 1410 Zo
934 1347 1104 1432 yrum(?)
1128 1346 1319 1420 inachum

181 1435 250 1503 Av.
280 1439 381 1514 1297;
413 1429 720 1522 Apollonium
753 1431 788 1496 in
817 1368 1032 1501 schol-'vllam
1058 1439 1122 1503 825
1148 1435 1206 1516 (?);
1238 1433 1319 1501 ibid.
1439 1473 1441 1480 ι

181 1527 277 1594 1410
293 1519 352 1601 (?);
381 1515 699 1607 Aristophanem
722 1514 755 1580 iu
779 1516 881 1583 schol.
905 1515 1112 1607 Thesmoph.
1134 1527 1212 1603 162;
1234 1519 1318 1588 Ran.
1351 1555 1356 1569 x
1429 1529 1430 1542 ¹

183 1595 271 1688 1533
296 1607 355 1670 Av·
374 1610 458 1674 1342
481 1603 552 1686 (ubi
573 1601 782 1668 scribendum
806 1602 950 1670 videtur:
979 1603 1037 1664 καὶ
1055 1599 1321 1690 Ἀριστοφάνους

182 1685 388 1772 aldorman
410 1688 727 1756 Eratosthenem
749 1687 783 1754 in
806 1689 912 1760 schola
932 1689 1008 1758 Pac.
1027 1699 1101 1774 739,
1125 1692 1199 1760 coll.
1218 1692 1319 1786 Vesp.

141 1807 143 1812 ·
183 1786 294 1856 10323
331 1775 472 1864 denique
506 1774 787 1842 Aristarchum
820 1775 855 1840 in
883 1773 986 1843 schol.
1016 1778 1098 1846 Ran.
1129 1787 1206 1860 1913
1239 1787 1320 1860 9683
1354 1784 1357 1798 '
1449 1845 1453 1852 .

183 1871 279 1936 -1433
308 1861 397 1939 (coll.
422 1864 531 1938 rada).
576 1861 725 1946 Quorum
749 1861 897 1927 omnium
925 1864 1020 1950 cujus
1041 1864 1251 1956 potissimum
1272 1889 1322 1934 re-

185 1949 385 2029 censionem
399 1947 673 2036 Aristophaneam
688 1947 909 2035 Symmachus
931 1962 1091 2038 sequutus
1113 1951 1156 2018 sit
1174 1950 1204 2018 si
1222 1974 1321 2041 quae-
1422 1947 1426 1960 ’

99 2091 103 2109 r
186 2036 249 2114 ris,
288 2033 403 2120 jubent
429 2033 562 2131 quidem
590 2032 667 2098 illae
695 2055 776 2120 quas
803 2033 869 2098 dixi
892 2057 1027 2117 causae,
1054 2059 1096 2105 ne
1142 2039 1196 2104 uid
1221 2037 1326 2118 nimia
1358 2093 1366 2130 ¹

188 2119 395 2199 mnrfidentia
420 2117 563 2185 affirmes
585 2141 645 2210 pro
669 2127 778 2210 certo;
801 2130 834 2184 at
855 2131 951 2208 urget
973 2131 1007 2188 et
1021 2061 1167 2193 stimulat
1182 2127 1323 2210 animus,

188 2217 230 2280 ut
253 2205 335 2294 quid
358 2206 498 2298 sentiam
522 2203 624 2270 libere
647 2203 793 2292 eloquar,
816 2207 1038 2293 conjecturam
1056 2211 1191 2299 quidem
1214 2210 1286 2279 eth
1312 2255 1324 2272 .

187 2293 360 2386 potlresin‚
383 2300 417 2357 at
437 2301 552 2367 tamen·
572 2288 656 2372 satis
674 2289 765 2378 illam
787 2291 1007 2379 prohabilem3
1030 2317 1115 2384 quae
1138 2298 1191 2366 cui
1212 2300 1261 2365 dis
1287 2235 1323 2366 ii·
1350 2359 1352 2367 ,

189 2391 246 2454 cet
272 2377 300 2444 'si
322 2401 401 2447 mox
423 2376 559 2448 meliora
583 2377 748 2457 docuerit,
769 2377 893 2466 primus
917 2380 1114 2470 applaudarn
1136 2384 1217 2474 ipse.
1261 2324 1325 2452 lta-

129 2487 136 2500 ‘
190 2489 257 2556 que
286 2464 440 2554 equidem
462 2463 506 2528 ita
532 2460 612 2530 mihi
633 2468 798 2553 persuasi,
820 2465 944 2530 nullam
964 2467 1236 2560 Aristophaneam
1259 2472 1326 2539 edi·
1400 2503 1405 2514 ¹

189 2557 323 2622 tionem
345 2548 583 2640 Symmachum
612 2559 689 2616 ante
718 2547 833 2616 oculos
860 2549 1030 2630 habuisse,
1064 2577 1164 2646 quam
1189 2559 1324 2649 proprio

190 2636 332 2706 nomine
363 2635 470 2726 possis
491 2635 596 2703 unius
625 2635 757 2701 illorum
783 2657 867 2724 quos
897 2637 965 2705 dixi
990 2640 1179 2710 criticorum
1202 2668 1325 2711 nuncu·
1383 2704 1388 2731 ,

191 2746 296 2816 pare,
328 2723 387 2788 sed
418 2731 609 2787 contextum
637 2721 864 2812 Aristophanis
892 2748 970 2791 eum
997 2729 1103 2818 qualis
1132 2729 1326 2820 Symmachi

192 2819 309 2878 aetate
331 2807 474 2894 vulgaris
497 2793 569 2888 luit,
592 2805 673 2887 sive,
694 2818 731 2874 ut
753 2831 870 2896 graeco
888 2821 962 2878 utar
981 2813 1150 2898 vocabulo,
1173 2811 1327 2899 παράδο-

193 2912 265 2961 σιν.
308 2893 442 2963 Etenim
465 2904 501 2958 ut
524 2896 611 2984 apud
633 2903 764 2961 nostros
787 2892 939 2964 homines
962 2921 1029 2964 non
1049 2923 1175 2982 omnes,
1198 2904 1255 2994 qui
1271 2928 1330 2972 no-

193 3005 253 3051 vas
281 2992 430 3047 veterum
453 2977 648 3070 scriptorum
672 2979 835 3048 editiones
857 2995 1043 3073 procurant,
1065 2987 1127 3077 ipsi
1147 2991 1188 3056 de
1203 3013 1263 3060 suo
1280 2993 1339 3078 ju·

194 3079 284 3138 stam
309 3091 368 3158 per
390 3088 505 3133 omnes
530 3076 637 3156 partes
660 3067 887 3136 recensionem
904 3067 1089 3153 instituunt,
1112 3076 1171 3140 sed
1189 3077 1229 3142 ad
1245 3076 1328 3146 alius

146 3136 149 3164 '
198 3153 387 3246 cujuspiam
412 3152 591 3220 editionem
613 3175 686 3243 sese
710 3154 887 3254 applicant,
910 3159 1003 3246 cujus
1020 3157 1179 3250 imprimis
1194 3163 1329 3233 illustris

125 3305 129 3322 ,
200 3263 242 3319 co
269 3247 400 3308 nomine
423 3239 510 3306 iunia
540 3248 605 3317 est,
639 3261 701 3304 nec
728 3241 903 3310 discedunt
925 3245 965 3308 ab
989 3243 1052 3311 hoc
1075 3246 1138 3313 nisi
1159 3249 1192 3314 in
1215 3254 1330 3340 paucis

201 3326 400 3420 quibusdam
430 3324 510 3389 locis
544 3335 577 3390 et
604 3323 799 3414 plerumque
832 3327 865 3393 iu
893 3326 1071 3399 levioribus
1098 3338 1334 3406 tantummodo

201 3413 318 3486 rebusr
352 3411 396 3476 ita
427 3411 513 3500 apud
542 3420 670 3476 veteres
698 3435 830 3500 quoque
859 3413 932 3482 illos
962 3418 1109 3508 plurimi,
1143 3421 1199 3509 qui
1221 3423 1275 3489 vel
1296 3424 1332 3490 in

202 3522 301 3566 sunm
332 3499 382 3564 vel
411 3496 443 3561 in
468 3497 605 3562 aliorum
635 3519 733 3565 usum
756 3500 988 3568 describendos
1010 3504 1207 3595 scriptorum
1231 3509 1332 3577 libros

203 3595 369 3666 curarunt,
382 3579 456 3653 xriou
474 3581 701 3686 conquisivcre
717 3585 825 3652 denuo
844 3599 1036 3679 apparatum
1052 3592 1201 3660 criticum
1218 3593 1333 3686 ipsius·

157 3701 160 3706 ·
204 3692 270 3758 que
292 3669 460 3758 scriptoris
484 3669 648 3758 cogitandi
672 3671 893 3760 loquendique
916 3677 1191 3746 consuetudinem
1207 3681 1333 3751 critico-

205 3777 278 3818 rum
302 3757 463 3822 bonorum
488 3779 578 3824 more
601 3769 752 3824 accurate
775 3757 981 3830 edidicerunt
1003 3762 1043 3828 ad
1059 3787 1179 3836 novam
1198 3772 1269 3856 ejus
1285 3793 1332 3836 re·
1406 3805 1411 3832 t

207 3841 395 3906 censionem
414 3841 569 3920 laudabili
593 3851 717 3910 ratione
733 3843 971 3929 adornandam,
995 3850 1052 3916 sed
1068 3852 1212 3941 primarii
1228 3857 1334 3944 cujus
1367 3895 1370 3902 ·

208 3924 282 3989 darn
307 3926 367 4000 viri
389 3927 473 3991 lama
497 3929 603 3994 allecti
627 3927 715 3995 laune
737 3928 799 3995 sibi
823 3931 943 4000 ducem
958 3923 1169 4025 sumpserunt
1208 3965 1283 4007 urm
1301 3943 1333 4009 in

206 4009 342 4086 minutis
362 4019 492 4086 tanturn
517 4016 612 4078 rebus
629 4015 832 4101 deserereut3
856 4019 917 4085 sed
933 4022 1003 4108 ejus
1019 4022 1079 4088 viri
1094 4045 1162 4112 quo
1178 3963 1336 4094 illustrior

187 4091 280 4163 ¹erat
308 4099 393 4175 lama
423 4109 457 4170 et
478 4100 633 4166 'testatior
660 4101 819 4186 eruditio,
853 4126 893 4172 eo
915 4106 1008 4197 plura
1036 4131 1114 4176 mox
1139 4104 1335 4202 ‹irriyp'oqa

1281 4227 1294 4254 δ

206 4248 411 4268 ιι-ι-ι-ι-ι-ι-μ-

279 4338 304 4402 1)
328 4334 350 4390 A
366 4332 493 4401 'elladoro
511 4335 640 4394 'l'arseusl
664 4339 734 4430 apud
752 4340 917 4417 Hesyclrium
940 4366 962 4404 s.
980 4348 1254 4427 droeydpoecsuhslitui
1272 4351 1338 4410 Dio·

208 4399 303 4457 dorum
321 4401 353 4458 'l‘
374 4423 480 4460 *sennem
498 4425 578 4480 supra
599 4429 697 4464 rrronur.

213 4471 509 4603 p,..3l,„l}‡4.m⁰¹¹¹⁰¹‘¹²
527 4475 712 4534 emendatione
731 4478 842 4553 Quaest.
861 4483 944 4582 Scan.
959 4483 998 4554 ll,
1016 4505 1042 4564 p.
1059 4491 1101 4542 38.
1136 4485 1225 4562 Vulgo
1242 4487 1339 4564 legitur

975 4681 988 4712 h
