3250 5144
1227 290 1301 364 1⁰9
1393 352 1397 372 .

176 465 316 551 lavimus
336 475 539 568 Symmachi,
562 474 615 544 alii
638 475 672 543 in
693 471 830 544 scholiis
851 472 991 542 citantur
1013 471 1100 542 haud
1122 475 1218 568 pauci
1241 499 1299 544 nu*

112 572 115 584 ¹
176 593 283 650 mero,
312 587 453 656 quorum
475 564 529 632 vel
556 564 590 630 in
611 563 801 629 illustranda
823 561 958 629 historia
980 563 1051 642 vel,
1081 565 1170 654 quod
1193 566 1304 632 multo

98 707 101 721 ,
150 638 154 665 ’
176 656 277 722 ι8ιίιιε
299 653 434 730 lactum,
456 649 491 716 in
510 649 703 741 explicanda
719 652 879 715 sermonis
895 647 1093 738 proprietate
1109 661 1301 740 usurpatam

175 740 403 808 auctoritatem
418 737 578 802 videmus.
607 737 758 822 Quorum
772 734 799 800 si
814 745 955 801 aetatem
971 757 1035 886 qua
1050 737 1191 802 vixerint
1201 759 1299 825 quae-

118 899 121 908 ,
173 827 294 908 rimus,
322 827 354 891 in
377 823 569 889 universum
597 821 726 912 egregie
753 820 923 887 firmantur
949 821 1005 887 ila
1032 845 1118 910 quae
1141 825 1182 890 de
1204 827 1299 912 Sym·

173 911 282 979 macbi
311 920 418 977 astate
445 929 542 998 supra
571 907 802 999 exposuimus:
834 907 990 999 perpauci
1013 907 1101 974 enint
1122 909 1299 1000 scriptores

173 1001 215 1066 ad
242 1009 355 1092 partes
382 1007 557 1077 vocantur,
591 994 710 1084 quibus
738 1003 880 1060 aetatem
909 992 1080 1061 Athenaeo
1109 997 1299 1062 inferiorem

173 1085 318 1174 assignet
341 1092 428 1150 certa
450 1091 637 1172 temporum
659 1080 758 1162 rati03
788 1081 877 1169 qnod
899 1089 938 1146 ut
959 1080 1142 1148 accuratius
1165 1083 1305 1150 demon:

172 1183 292 1249 strem,
325 1171 359 1236 in
380 1167 547 1260 plerisque
574 1191 617 1234 ne
641 1190 723 1257 opus
746 1167 880 1256 quidem
906 1176 972 1246 est,
1005 1189 1068 1233 nec
1089 1168 1151 1234 nisi
1174 1188 1298 1259 paucos

171 1259 332 1347 attingam
356 1255 399 1322 de
418 1254 537 1343 quibus
560 1253 729 1320 nonsatis
752 1263 841 1319 certo
865 1251 945 1318 mihi
969 1264 1112 1336 constat,
1142 1266 1199 1321 ant
1217 1279 1297 1344 quo-

170 1367 245 1412 rum
262 1367 384 1412 nomen
400 1341 617 1430 corruptelam
679 1339 798 1408 andam
813 1339 952 1406 subiisse
968 1339 1108 1406 videtur.
1144 1342 1197 1408 lta
1209 1343 1304 1408 Ari:

171 1439 411 1509 stoeratem,
434 1429 538 1516 quiin
554 1426 633 1494 ssho
648 1484 654 1496 ,
671 1425 756 1492 Nub.
772 1433 836 1496 958
859 1426 899 1492 de
915 1425 1081 1518 Phrynidp
1096 1425 1306 1510 citharoedof

170 1516 335 1620 discipulo
357 1514 546 1596 Aristocliti,
571 1510 637 1591 „ab
658 1511 749 1588 γένος
770 1506 865 1584 ὄντος
886 1505 953 1572 ἀπὸ
980 1507 1221 1597 Τερπάνδροιι“
1244 1538 1298 1581 ex.

169 1613 292 1695 posuit,
316 1603 435 1668 saltem
456 1599 525 1667 veri
548 1622 613 1666 non
637 1597 797 1664 dissimile
820 1610 871 1665 est
893 1599 1034 1667 eundem
1058 1622 1131 1667 esse
1153 1623 1231 1668 cum
1246 1623 1297 1680 eo,

172 1692 266 1781 cujus
290 1682 457 1757 taxonem
479 1684 859 1776 usurpavitAthenaeus
880 1685 957 1762 lll,‘
973 1711 1004 1776 p.
1026 1695 1069 1758 82
1087 1685 1131 1765 Ε,
1160 1687 1221 1755 uisi
1243 1711 1298 1754 ve.

170 1776 238 1842 rior
254 1785 306 1842 est
319 1771 527 1840 Valckenarii
544 1773 731 1874 conjectura
746 1774 786 1854 ¹),
798 1766 1023 1860 Ἀριστόξενος
1039 1773 1239 1862 corrigentis.
1254 1793 1298 1824 ›⁴-
1328 1819 1331 1828 ι

169 1860 449 1930 Aristocritus
470 1881 584 1949 porro,
606 1882 641 1924 m
663 1857 767 1924 schol.
791 1857 888 1948 Vesp.
910 1866 982 1928 848
999 1860 1133 1939 citatus,
1158 1859 1296 1928 fortasse

170 1971 239 2015 nou
263 1947 411 2012 diversus
434 1946 474 2009 ab
499 1954 628 2024 coest,
662 1947 755 2030 cujus
777 1943 901 2010 Plinius
930 1945 1096 2024 meminit,
1130 1945 1206 2012 his‘t.
1229 1958 1296 2014 nat.

170 2041 201 2110 5,
224 2035 324 2110 31²).
369 2031 457 2097 Tum
479 2055 540 2120 pro
563 2029 767 2094 Cleanthe
791 2029 825 2094 in
849 2029 952 2097 schol.
974 2031 1083 2120 Equit.
1106 2038 1151 2103 84
1172 2032 1297 2100 dudum

171 2113 342 2192 Νεάνθης
362 2119 511 2206 reposuit
533 2114 670 2182 Vossius
694 2114 734 2183 de
756 2113 870 2182 histor.
893 2137 999 2204 graec.
1021 2142 1053 2207 p.
1076 2106 1135 2196 99<
1159 2119 1212 2185 cui
1234 2130 1297 2186 sta·

170 2206 231 2272 tim
264 2204 428 2272 Knsterus
461 2201 602 2270 debebat
635 2202 873 2292 obtemperare.
904 2241 948 2252 -
994 2202 1231 2271 Alexander
1261 2207 1297 2274 in

170 2290 274 2360 schol.
305 2289 386 2356 Ran.
417 2296 482 2360 839
515 2298 566 2355 est
598 2287 738 2355 lortasse
766 2288 950 2354 Alexander
976 2286 1225 2378 Polyhistor³t
1253 2329 1297 2343 -ι

169 2379 354 2446 Andreas
377 2399 491 2467 porro,
524 2371 557 2440 in
579 2375 682 2440 schol.
705 2383 730 2444 2·
747 2373 808 2441 Av.
830 2383 895 2446 266
910 2377 1051 2452 citatus,
1086 2386 1136 2442 est
1158 2377 1296 2445 fortasse

168 2464 321 2531 medicus
342 2463 409 2541 ille,
432 2465 525 2548 cujus
549 2461 667 2550 scripta
686 2457 880 2526 Athenaeus
903 2483 969 2550 qun
1017 2485 1035 2529 e
1058 2461 1229 2551 aliquoties
1253 2465 1296 2531 ci-

167 2550 266 2618 tavit.
280 2587 325 2598 --
352 2539 484 2614 Deinde
518 2555 559 2611 ‘ro
581 2545 782 2633 Eutychia
806 2545 839 2610 in
854 2544 957 2613 schol.
971 2485 1074 2639 ibsp.
1090 2557 1155 2628 875
1169 2550 1295 2618 dudum

168 2637 365 2706 Mau'ssacus
396 2643 433 2700 ct
456 2571 639 2698 Paimerius
659 2631 691 2715 ⁴)
720 2630 933 2700 restituerunt
962 2635 1014 2700 vel
1041 2629 1216 2716 Διευχίδας
1241 2639 1297 2704 vel

169 2717 449 2804 Διευταχὶδαςῡ),
481 2728 621 2807 uterque
648 2715 850 2801 Μεγαρικῶν
877 2719 1069 2811 scriptorem
1096 2721 1296 2810 intelligens

170 2813 268 2899 cujus
290 2805 479 2874 Athenaeus
501 2827 633 2895 quoque
655 2805 817 2886 meminit,
841 2805 1093 2896 le.assaE⁶)
1115 2847 1160 2859 -
1191 2809 1295 2876 Porro

169 2895 205 2962 in
227 2892 331 2962 schol,
354 2891 414 2960 Ao,
436 2898 501 2963 394
521 2929 565 2942 --
590 2880 633 2962 ὥς
656 2887 868 2970 Μεχνεκλῆς
888 2890 958 2951 καὶ
979 2889 1297 2979 Καλλίστρατος
1346 2928 1373 2978 ,t

125 3021 128 3026 -
170 2977 207 3041 ἐν
227 2977 301 3052 τοῖς
322 2975 397 3060 περὶ
412 2971 569 3052 Ἀθηνῶν
590 2971 828 3056 σαγγράμμασὶ
849 2993 1014 3062 φασιν-
1034 2976 1188 3047 videntur
1201 2975 1297 3049 intel-⁹

170 3066 295 3159 ligendi
317 3063 470 3154 aequales
492 3063 560 3130 fere
583 3073 691 3130 aetate
717 3063 779 3130 scri
807 3075 909 3144 tores,
937 3063 1100 3156 siquidem
1122 3078 1228 3149 recte,
1258 3079 1297 3136 ut
1416 3129 1419 3148 ,

170 3152 256 3220 mihi
278 3151 412 3240 quidem
433 3151 570 3228 videtur,
595 3149 732 3246 Vossius
755 3089 813 3217 lli.
835 3159 945 3242 past
969 3151 1150 3220 secondum
1172 3153 1296 3246 Harpo-
1370 3189 1372 3191 ·

172 3238 354 3306 cretionem
376 3235 437 3302 sub
460 3259 531 3304 voc.
555 3230 783 3314 ἕκατομπεὸον
806 3237 952 3303 correxit
965 3236 1139 3314 Μενεκλῆς
1160 3231 1297 3314 ἢΚαλ-
1389 3271 1390 3276 1

170 3319 367 3410 λίστρατοςς
387 3333 469 3402 tum,
492 3321 519 3387 si
541 3320 629 3388 idam
653 3331 689 3387 ut
711 3323 850 3411 conjicio
872 3321 926 3388 bic
949 3334 1000 3390 est
1013 3323 1180 3392 Menecles
1196 3336 1296 3416 atque
1470 3318 1473 3330 ⁵

67 3405 68 3410 ¹
170 3407 363 3501 ille,'qucm
383 3405 443 3468 τὸν
464 3404 639 3490 Βαρκαῖον
660 3409 853 3492 συγγραφέα
876 3409 1021 3500 appellat
1041 3411 1297 3480 Athenaeus-tv

170 3522 204 3587 p-
228 3505 291 3568 184
311 3496 355 3575 Β,
378 3533 422 3543 —-
450 3493 491 3560 de
518 3494 688 3584 utriusque
715 3495 777 3562 scri
805 3496 881 3562 toris
913 3507 1020 3564 aetate
1072 3507 1208 3564 uantum
1239 3496 1296 3566 hic

136 3631 138 3638 ,
170 3581 307 3670 quidem
328 3577 450 3648 sufficit
478 3579 650 3646 constabit.
671 3616 715 3628 -
757 3519 846 3648 tim
864 3606 926 3672 pro
954 3520 1115 3664 „rutilae
1135 3578 1153 3642 ὁ
1176 3601 1296 3664 μουσι-

171 3667 255 3739 κὸςίι
275 3668 310 3734 in
332 3667 435 3736 schol.
452 3664 553 3756 Vesp.
577 3670 662 3740 1238
684 3676 718 3734 et
740 3665 821 3734 Ran.
838 3677 924 3742 1298
944 3668 1055 3737 nullus
1078 3669 1192 3762 dubito
1214 3673 1315 3764 quin‘

125 3869 130 3878 ’
242 3854 267 3920 1)
286 3849 329 3908 cf.
346 3849 471 3910 Dindorf.
489 3863 573 3910 annot.
591 3850 624 3908 ad
642 3850 728 3909 schol.
745 3851 883 3932 Aristoph.
901 3855 1131 3928 <=T0m.xt1)
1148 3879 1175 3938 p.
1192 3863 1252 3923 soa

187 3965 193 3972 .
238 3926 258 3978 2
288 3918 331 3976 Cf.
348 3918 428 3976 Voss.
445 3921 479 3976 de
497 3923 592 3983 histor,
608 3941 692 3996 graec.
707 3943 733 3998 p.
753 3929 810 3979 121.
1200 3953 1202 3958 ·

313 4053 330 4111 l.
348 4055 472 4112 Diodorf.
489 4055 506 4112 l.
518 4059 534 4113 l.
552 4080 578 4134 p.
590 4061 648 4114 tta.

240 4121 257 4180 b
285 4123 403 4180 Pr'r'oreln
425 4125 540 4180 nominis
564 4125 677 4187 formam
699 4145 759 4182 curn
782 4136 899 4196 veterum
917 4125 1056 4213 plerisque
1074 4130 1158 4186 tenuit
1175 4127 1293 4192 llanssa-

170 4211 235 4256 cus3
250 4191 345 4265 'altera
364 4191 495 4249 Palmaria
518 4197 601 4268 magis
624 4194 773 4262 arridebat,
800 4207 902 4252 serrata
920 4195 973 4253 rlla‘
986 4213 1003 4252 a*
1019 4197 1103 4253 schol.
1122 4198 1199 4255 Pind.
1217 4199 1294 4255 Nenr.

170 4265 265 4329 9,’30,;
284 4263 414 4320 tainum
432 4262 636 4318 etiam.accadit
653 4264 753 4320 codicis
766 4263 861 4332 Veneti
879 4268 1022 4322 auctoritas
1039 4268 1067 4322 in
1081 4266 1164 4322 schol.
1181 4267 1214 4324 ad
1227 4267 1255 4322 b.
1266 4267 1295 4334 h,
1455 4301 1464 4310 ι

170 4331 207 4385 ita
225 4331 253 4386 ni
272 4327 351 4385 fallor
367 4329 511 4386 scribendo
528 4332 556 4386 in
573 4331 664 4386 initio!
692 4335 755 4400 περὶΙ
774 4335 822 4384 τοῦ
839 4353 863 4386 α.
882 4332 1040 4394 ’Λπόλλωνος
1062 4337 1153 4386 ἰδίου
1173 4336 1295 4405 Δωριέων
1319 4363 1349 4430 h
1363 4363 1391 4406 s
1426 4357 1433 4376 ²
1456 4375 1485 4406 ,α

170 4399 342 4463 Λεωτυχίδας
358 4417 381 4455 κ.
392 4418 415 4453 τ.
428 4399 451 4453 λ.
468 4428 502 4439 -
520 4398 581 4454 coll.
598 4398 653 4454 Har
674 4411 756 4456 ocrat.
773 4401 823 4457 sub
841 4399 927 4469 ἅγιεῠς
944 4412 1024 4460 extu:
1041 4433 1075 4445 -
1093 4404 1159 4474 φασὶ
1176 4404 1204 4455 δὲ
1216 4405 1294 4456 “livit
1357 4407 1360 4415 ’
1390 4409 1395 4420 “

170 4466 387 4535 ιῖναιιΔοιριέαα,
412 4471 445 4526 ὠς
461 4469 541 4531 δῆλον
556 4473 623 4518 ποιεῖ
640 4419 787 4533 liiaugldac.
878 4499 879 4504 =
935 4501 937 4510 ν
1145 4494 1149 4502 ·
1218 4485 1219 4492 ’

240 4539 267 4606 a)
286 4535 365 4595 Adde
380 4533 515 4609 Vossiom,
532 4535 551 4594 l.
563 4535 581 4596 l.
592 4557 626 4617 «p.
636 4540 697 4594 ttt.
906 4553 909 4562 “

219 4030 224 4044 .
239 3923 270 4126 i}
289 3985 334 4112 gl.
352 3987 478 4044 Vasatium
497 3989 514 4044 l.
528 3990 546 4046 l.
563 4012 589 4068 p.
603 3996 653 4046 lat
670 4009 746 4068 seqq.

258 4127 268 4191 l
