3258 5134
157 219 402 333 gysa

219 481 225 492 ,
351 437 442 498 esser
462 437 526 484 nec
540 414 758 486 conveniebat
771 414 853 484 mibi
867 439 976 508 neque
996 439 1073 484 cum
1087 413 1218 486 Rankio
1237 416 1284 486 ita
1295 397 1477 487 'scribentis

349 495 511 575 πολλάκις
535 485 627 564 εἶπεν
652 497 985 590 (ὁἎριστοφιλιης).
1029 493 1084 564 ὅτι
1104 521 1162 588 πρ.
1181 521 1213 564 κ.
1231 522 1263 565 π.
1283 500 1332 586 t,
1365 527 1480 609 nequa.

350 609 426 658 cum
445 587 637 671 Fritzscbio,
658 590 715 680 qui
736 590 782 657 ita
804 591 942 682 putabat
962 588 1172 658 scribendum
1194 611 1284 658 esset
1312 588 1475 664 πολλακις

285 749 290 761 ⁵
348 669 369 735 ὁ
386 670 545 750 Σέλευκος
565 659 666 755 εἶπεν,
689 669 744 736 ὅτι
764 673 950 764 προβάλλει
970 670 1134 759 ὁμηρικῶς
1153 692 1184 738 κ.
1196 693 1228 737 τ.
1241 673 1270 736 λ.
1293 677 1382 743 unde
1403 699 1474 745 ora·

232 781 236 789 ·
348 761 397 828 tio
426 763 536 830 evadit
587 787 679 830 arum
707 774 799 856 apta,
831 785 894 833 nec
922 764 1063 851 denique
1090 785 1166 830 cunr
1191 761 1359 852 ΒεεςλιίοΙ
1389 813 1400 845 ,
1425 765 1472 830 ita

349 849 524 938 corrigenti
546 787 707 934 diod-dioc
735 849 803 938 (vel
826 841 1057 926 Πολυδεύκης)
1080 832 1187 930 εἶπεν,
1213 837 1268 909 ὅτι
1289 865 1353 932 προ
1377 845 1473 910 άλλει

345 925 523 1018 Ὁμηρικός
543 953 571 998 κ.
586 953 617 996 τ.
631 932 659 1006 λ.
704 936 866 1003 Assensus
889 948 1000 1003 autem
1014 933 1112 1000 facile
1134 957 1242 1002 essem
1258 936 1336 1003 viris
1352 935 1471 1003 doctis·

348 1021 451 1105 simis,
472 1021 501 1089 si
522 1023 639 1091 unicus
661 1019 716 1090 bic
730 1024 823 1090 locus
839 1032 937 1104 esset,
959 1045 1026 1112 quo
1040 1004 1132 1080 εἶπεν
1145 1021 1209 1102 vel,
1231 1022 1321 1124 quod
1335 1023 1472 1113 perinde

349 1117 430 1188 ost,
451 1107 618 1194 quotve}
645 1109 752 1176 simile
803 1107 858 1175 uid
886 1111 931 1174 ita
959 1107 1048 1175 nude
1075 1106 1414 1198 positumrnvenitur
1438 1108 1476 1175 in

348 1193 500 1277 scholiis,
534 1207 573 1263 ut
601 1194 642 1268 ad
666 1133 917 1287 Aristodbanem
943 1204 1056 1261 tamen
1083 1193 1197 1261 reterri
1222 1205 1381 1284 nequeat3
1408 1195 1475 1262 sed

265 1349 267 1354 ,
347 1279 460 1372 plures
488 1293 567 1350 sunt
593 1285 664 1350 e'us
692 1282 820 1370 generis
847 1282 912 1348 loci
934 1303 1019 1370 quos
1046 1280 1208 1383 corrigere
1230 1304 1345 1348 omnes
1367 1291 1473 1349 terne-

347 1366 425 1432 rarii
447 1377 543 1436 esset.
592 1307 679 1437 idide
701 1367 802 1434 modo
824 1377 863 1446 nt
883 1369 973 1457 quod
994 1367 1028 1433 in
1049 1388 1234 1466 propinquo
1256 1377 1307 1467 est
1326 1368 1473 1458 primum

253 1487 257 1496 ·
347 1452 484 1523 atter-am
504 1455 570 1522 boc
590 1457 625 1522 in
648 1456 706 1522 Av.
728 1454 956 1530 17.scholion:
973 1493 1017 1502 -
1038 1468 1099 1511 ουκ
1121 1469 1236 1535 exoptet
1257 1452 1293 1514 ὸέ
1314 1452 1390 1515 υἱὸν
1410 1448 1475 1514 αὖ·

324 1535 409 1598 ’τοῦ
436 1537 476 1622 (t,
493 1565 538 1608 ρ..
556 1534 801 1626 Θαρρελείδου)
830 1535 888 1601 διὰ
912 1541 973 1617 τῆς
993 1531 1166 1618 κωμῳδίας
1186 1529 1301 1602 εἰπεῖν.
1344 1533 1475 1620 μήποτε

347 1607 423 1698 orio,
454 1619 582 1710 φησί,
613 1622 700 1686 κατὰ
721 1622 925 1709 περίφρασιν
945 1621 1075 1708 εἴρηκεν
1097 1625 1141 1786 di
1163 1629 1191 1694 e.
1217 1619 1472 1720 Aristophanes)

351 1702 583 1794 Θαρρελείδου
593 1705 727 1774 ιιολοιόο
742 1709 780 1772 ἓν
792 1708 853 1799 ἴσῳ
867 1707 914 1797 τῷ
932 1702 1096 1798 Θορῥελεί
1141 1729 1173 1784 ς·
1195 1709 1248 1778 cui
1264 1714 1347 1780 adde
1369 1713 1473 1781 schot.

345 1801 381 1868 o.
408 1797 450 1866 ad
472 1797 558 1868 Plus,
576 1809 681 1874 ›10372
720 1792 822 1875 τηλία
851 1790 1003 1880 ἔχειμέν
1029 1814 1063 1857 τι
1088 1791 1175 1857 καθ’
1205 1793 1306 1858 ἑαυτὸ
1331 1793 1472 1884 ἄπορον.

347 1876 410 1944 dciv
431 1881 467 1942 dd
488 1881 528 1945 cd
550 1879 587 1944 ἐν
604 1875 750 1968 ’Μαρικᾷ
770 1882 962 1970 προσέλθῃς
986 1875 1076 1945 ἔνθα
1097 1873 1285 1962 sie-cnidon
1304 1885 1407 1970 φησὶ
1426 1880 1472 1946 τοὶ

348 1967 415 2032 τοῦ
428 1961 634 2055 Ὑπερβόλου
655 1966 742 2036 ὀστοῖ
761 1967 1007 2052 ἐμβεβλῆσθαι,
1029 1964 1242 2055 ἀπορώτερον
1262 1964 1367 2046 ἔσται,
1386 1995 1472 2062 quae

347 2056 500 2154 quamvis
523 2055 678 2126 facillime
704 2057 750 2126 ita
772 2069 910 2150 possent
934 2056 1068 2144 corrigi,
1099 2067 1138 2142 ut
1158 2057 1245 2142 φασὶ
1266 2057 1471 2140 scriberetur,
1589 2073 1594 2082 '

348 2140 440 2230 quod
467 2140 535 2209 scio
564 2161 662 2238 quatu
690 2167 790 2236 saepe
816 2169 835 2211 a
863 2143 978 2212 scribis
1007 2146 1050 2211 sit
1076 2143 1111 2209 in
1138 2137 1226 2228 φησί,
1250 2154 1415 2211 mutatum
1429 2149 1471 2230 ²),

347 2237 409 2295 aut
437 2227 522 2294 aliud
551 2231 631 2321 quid
650 2270 694 2280 —
718 2254 797 2299 nam
823 2230 935 2322 plures
960 2239 1075 2320 patent
1101 2229 1296 2296 emendandi
1322 2231 1472 2314 viae—,

346 2321 418 2380 tres
440 2325 552 2380 tamen
579 2315 626 2382 illi
647 2317 712 2383 loci
734 2339 828 2384 suam
850 2314 913 2382 sibi
938 2314 1158 2404 integritatem
1179 2317 1291 2382 testari
1318 2313 1472 2384 videban-

346 2408 406 2468 tur
430 2400 573 2468 invicem
600 2412 697 2492 atque
724 2402 881 2486 clamare,
914 2403 1029 2472 oculos
1050 2410 1092 2468 ut
1111 2401 1298 2470 intenderes
1318 2403 1408 2493 prins
1431 2403 1474 2469 ad

346 2505 467 2553 verum
487 2487 733 2568 inveniendum,
756 2513 855 2580 quarn
875 2497 914 2555 ut
935 2488 1040 2572 primo
1063 2487 1185 2554 obtutu
1206 2499 1377 2579 corruptos
1398 2511 1474 2580 pro·
1549 2539 1553 2547 .

346 2573 518 2640 nuntiares
536 2583 661 2658 testes.
715 2575 762 2645 Et
788 2585 968 2666 potuerunt
994 2575 1143 2666 proiecto
1168 2574 1374 2642 scholiastae·
1396 2598 1474 2641 eum
1556 2635 1558 2638 .

346 2657 534 2745 significare
555 2650 700 2727 voluisse
721 2662 782 2729 ista
807 2661 1004 2740 tradentem,
1028 2659 1079 2726 cui
1102 2660 1258 2753 pleraque
1281 2684 1339 2726 sua
1362 2663 1471 2727 omnia

348 2742 533 2827 debebant,¹
554 2743 621 2814 ie.
643 2758 812 2815 auctorem
835 2749 906 2836 ejus
929 2745 1171 2828 commentarii,
1223 2769 1299 2813 uem
1320 2747 1355 2814 in
1376 2746 1472 2814 inter-

348 2831 510 2924 pretando
535 2831 750 2923 Aristophane
771 2833 994 2925 sequebantur
1015 2832 1168 2912 maxime,
1190 2769 1278 2899 qim„
1299 2833 1416 2900 saltem
1439 2843 1473 2899 et

349 2914 471 2984 Avium
499 2915 712 3002 scholiastae3
746 2943 827 2994 eane
854 2919 889 2985 in
916 2941 952 2988 re
979 2919 1099 2985 mirum
1120 2919 1189 2984 ulla
1216 2916 1342 2986 ratione
1364 2919 1474 3010 potuit

349 3001 454 3067 videri
477 3004 565 3094 quod
587 3029 708 3072 nomen
730 3005 916 3086 omiserint,
930 3029 1033 3095 quum
1049 3008 1121 3094 ejus
1136 3003 1239 3094 eopiis
1253 3027 1332 3072 usos
1347 3028 1383 3072 se
1398 3027 1472 3072 esse

348 3084 523 3155 iudicarint
538 3089 675 3158 fortasse
694 3093 749 3160 vel
763 3091 797 3159 in
811 3091 905 3158 initio
919 3091 974 3159 vel
989 3092 1023 3156 in
1038 3091 1103 3158 tine
1119 3089 1340 3158 scholiorum?
1363 3091 1473 3177 Quid?

349 3171 504 3241 novimus
527 3199 640 3244 omnes
655 3180 882 3268 pervulgatum
896 3177 984 3244 istud
1000 3171 1102 3248 αὐτὸς
1117 3169 1194 3262 doto,
1216 3200 1379 3279 quamque
1395 3175 1473 3244 con'·

350 3269 546 3328 sentaneum
574 3263 618 3343 sit
644 3265 698 3336 vel
724 3265 855 3355 puerili¹
870 3263 970 3331 aetati
996 3261 1172 3330 ueletiam
1194 3263 1472 3352 ahquantoadul-

349 3345 442 3426 tiori,
464 3347 587 3414 sed-ad
607 3372 720 3433 verum
744 3351 874 3442 proprio
898 3350 1003 3417 Marte
1023 3348 1258 3416 inveniendum
1279 3371 1346 3416 non
1366 3348 1471 3438 magis

346 3429 505 3512 idoneae,
527 3433 562 3500 id
585 3435 795 3503 concedimus
818 3459 948 3518 omnes3
968 3475 1013 3488 -·-
1035 3458 1093 3501 cur
1113 3435 1212 3524 igitur
1233 3434 1341 3516 minus
1363 3435 1471 3501 videa·

348 3525 404 3584 tur
426 3518 593 3601 credibile,
615 3522 817 3604 scholiastae,
840 3525 997 3590 miserum
1018 3522 1214 3614 plerumque
1268 3529 1362 3609 egem
1380 3521 1471 3589 etad

350 3603 551 3672 credendum
572 3630 672 3695 quam
695 3608 735 3674 ad
756 3608 1019 3710 perspiciendqm
1039 3607 1214 3699 aptiorem,
1229 3545 1472 3697 b‘ypomnema-

346 3689 463 3758 sistam
491 3711 585 3758 suam
609 3693 792 3785 respexisse
813 3705 984 3784 tamquam
1007 3695 1170 3782 quendam
1193 3695 1285 3784 quasi
1307 3693 1471 3783 Pythagoss

347 3776 441 3842 ram?
461 3815 505 3864 ε
547 3776 615 3844 Sed
644 3779 728 3848 serio
756 3791 795 3847 ut
815 3783 944 3876 loquar,
977 3784 1048 3870 jure
1076 3779 1156 3846 olim
1178 3779 1260 3846 mibi
1281 3779 1417 3848 videbat.
1435 3779 1472 3846 in

341 3860 422 3928 ,istis
449 3857 610 3938 πολλάκις
635 3849 726 3926 εἶπεν
750 3864 841 3933 illam
870 3865 1120 3958 epitomantium
1148 3865 1472 3953 brevitatem-agno-

348 3969 441 4016 scere
463 3951 595 4040 qnalem
617 3975 715 4043 supra
735 3951 967 4034 indicavimus;
989 3961 1104 4040 postea
1117 3962 1231 4020 tamen
1246 3951 1387 4044 pupugit
1405 3950 1470 4016 ani-

347 4052 458 4117 mum,
489 4035 524 4104 in
550 4061 633 4110 vnce
665 4033 831 4126 ὁμηρικῶς
863 4039 1107 4134 corruptionem
1126 4039 1224 4108 xcerui
1250 4037 1470 4122 manifestam,

346 4183 553 4204 *ιιι-ιιι..

418 4270 447 4340 1)
470 4271 565 4330 nante
585 4272 774 4358 (is-Aristopb.
790 4279 837 4334 vit.
853 4274 1044 4401 chLxth
1058 4287 1111 4338 not·
1129 4282 1173 4336 ol.
1205 4275 1346 4334 Fritzscbe
1364 4275 1393 4333 in
1409 4275 1473 4336 Act.

303 4389 305 4396 ’
348 4337 830 4472 melodi&cimeridehdib’adiepi13⁵·
854 4416 861 4430 ’
888 4346 1131 4475 etigkdcoiinieid·
1148 4365 1184 4433 Pi
1194 4351 1296 4472 31’1οΑ
1317 4410 1353 4470 oll
1381 4409 1473 4470 Rhod-

347 4491 377 4552 Ρ·
392 4480 444 4532 m
460 4431 683 4562 seqqtmso‘
729 4435 775 4474 rus
791 4433 958 4487 nominem
994 4435 1024 4474 sc
1044 4435 1080 4474 ο.
1119 4435 1211 4478 arturo·
1227 4434 1256 4476 m
1296 4434 1316 4494 p
1355 4450 1363 4469 ·
1454 4489 1459 4498 ⁵
