3250 5144
237 261 361 338 176

308 446 402 536 gium
422 447 482 530 sit3
503 446 583 540 quio
604 447 710 516 multo
731 447 897 518 videbitur
917 447 987 518 veri
1009 448 1165 534 similius,
1186 475 1261 522 eam
1283 452 1434 522 observa-

307 535 434 602 tionem
466 535 502 602 in
529 535 768 627 Aristophaneo
796 535 1049 617 commentario,
1088 537 1228 608 fortasse
1256 539 1297 606 ad
1324 539 1435 628 ipsum

307 619 411 688 istum
430 619 621 711 Amphiarai
649 625 761 690 locum
788 647 890 712 quem
910 622 1118 692 Herodianus
1141 626 1311 717 apposuit,
1339 626 1435 716 Sym·

307 707 466 776 maehum
488 709 740 799 exprompsisse.

393 794 478 873 Sed,
512 793 631 862 dixerit
651 795 831 886 quispiam,
863 795 927 862 ista
956 818 1042 885 quae
1069 795 1112 864 de
1134 794 1243 888 aliqua
1266 795 1435 888 deperdita

307 877 522 972 Symmaehei
543 880 769 950 commentarii
791 892 885 973 parte
906 880 1165 972 disputavimus,
1195 883 1224 949 si
1268 884 1434 974 uicquam,

305 966 389 1034 nihil
416 968 551 1051 dooere,
582 967 645 1034 uisi
666 966 905 1055 Symmachum
927 991 993 1034 uon
1016 967 1111 1036 aliter
1132 979 1232 1059 atque
1245 907 1435 1060 lrypomne·

305 1053 405 1120 matis
427 1065 598 1123 auctorem
620 1054 805 1146 deperditas
828 1053 927 1120 hodie
942 1055 1069 1123 fabulas
1084 1055 1334 1145 interpretatum
1350 1079 1435 1136 esse,

250 1125 255 1156 ¹
305 1138 455 1240 nihilque
476 1141 553 1208 inde
576 1140 649 1228 cogi
671 1163 771 1233 posse
793 1139 856 1208 nisi
878 1137 960 1221 hoe,
974 1129 1064 1208 'nihil
1086 1142 1249 1209 obstare
1271 1142 1351 1234 quin
1372 1139 1436 1204 τοῦ

305 1218 549 1308 ὖπθμνήματος
581 1237 695 1296 auctor
727 1227 879 1294 credatur
907 1226 1128 1316 Symmachus
1161 1225 1275 1315 fuisse.
1329 1229 1435 1297 Recte

305 1335 403 1394 sane,
437 1325 471 1382 at
497 1313 649 1380 sustinere
675 1313 740 1381 hoe
767 1313 802 1380 iu
822 1335 897 1380 mea
923 1336 1021 1384 causa
1044 1313 1199 1396 arbitron
1232 1314 1292 1382 sed
1314 1315 1435 1382 addam

305 1406 419 1468 tamen
441 1401 575 1468 tertium
597 1399 799 1491 locum,·qui
821 1397 920 1466 etiam
936 1399 1168 1467 commendare
1182 1423 1294 1467 meam
1309 1399 1434 1491 opinio-

304 1505 385 1554 nem
400 1485 539 1569 videtur,
554 1511 618 1578 qua
634 1509 703 1552 non
717 1486 883 1554 diversum
897 1495 1074 1576 utromque
1085 1486 1187 1580 fuisse
1202 1486 1281 1568 dixi,
1295 1485 1433 1554 eschol.

301 1569 368 1672 Ar.
390 1579 476 1645 1283
498 1583 595 1640 extre
631 1570 693 1631 rori
720 1570 756 1632 δὲ
784 1564 963 1634 σκυτάλων
983 1571 1022 1635 τὸ
1046 1594 1070 1632 α
1099 1569 1295 1651 tucamur,
1327 1565 1372 1645 ὡς
1398 1567 1435 1632 ἐν

298 1648 475 1734 ,orreum
513 1651 603 1719 ἔνθα
629 1655 687 1718 καὶ
715 1649 755 1718 cd
784 1655 1003 1740 Νικοφῶντος
1035 1651 1071 1732 ἐξ
1093 1651 1296 1742 Ἀφροδίτης
1316 1654 1435 1720 Γονῶν

304 1740 523 1828 παρετέθη
546 1761 575 1806 κ.
587 1762 608 1803 τ
619 1741 657 1805 .λ.
674 1779 719 1792 -
739 1732 846 1817 οὕτως
860 1735 1061 1825 Σύμμαχοςς
1081 1768 1147 1833 quo
1163 1745 1237 1813 loco
1253 1747 1319 1834 jam
1335 1767 1434 1835 supra

304 1830 359 1897 usi
380 1855 505 1913 sumus,
529 1854 631 1921 quum
654 1831 696 1897 de
718 1830 962 1920 deperditarum
981 1831 1167 1898 fabularum
1189 1830 1433 1903 commentariis

303 1913 342 1982 in
368 1918 560 1986 universum
589 1917 821 2006 loquebamur3
854 1939 943 1984 nune
970 1917 1158 1984 addendum
1186 1927 1236 1984 est
1257 1917 1346 2006 quod
1367 1917 1435 1985 huc

305 2004 527 2071 cummaxime
548 2003 706 2094 pertinet,
735 2026 834 2070 suum
855 2002 959 2093 ipsius
986 2003 1021 2070 in
1042 2002 1208 2086 Holcades
1232 2013 1435 2072 commenta·

303 2085 391 2154 riurn
412 2090 652 2179 Symmachum
675 2089 793 2158 citasse
815 2088 937 2174 videri3
964 2113 1042 2156 nam
1064 2113 1168 2179 quum
1188 2090 1311 2156 multos
1333 2111 1433 2179 saepe

304 2173 502 2266 interpretes
523 2174 782 2266 Aristophaneos
806 2177 922 2243 citaret
943 2174 1181 2277 Symmachus,
1203 2195 1270 2246 non
1293 2185 1344 2242 est
1366 2198 1434 2242 cre-

304 2259 414 2342 dibile,
436 2263 466 2330 si
485 2261 661 2348 παρετὲθη
685 2263 818 2332 dicebat
838 2261 1040 2352 simpliciter,
1063 2263 1103 2328 ad
1127 2260 1228 2327 alium
1242 2260 1434 2352 quempiam

304 2369 383 2414 eum
405 2351 600 2441 respexisse,
622 2371 722 2442 quem
744 2350 833 2416 ultro
853 2348 1081 2416 intellecturos
1102 2369 1175 2414 esse
1195 2348 1336 2415 lectores
1357 2345 1433 2436 quis

304 2443 398 2504 esset
424 2460 555 2528 sperare
583 2434 748 2542 potuisset
766 2437 811 2520 ¹);
833 2434 936 2501 immo
959 2433 1021 2500 nisi
1038 2433 1154 2500 statuis
1169 2433 1223 2501 vel
1237 2432 1433 2500 scholiastes

303 2543 410 2609 pauca
426 2545 658 2616 suppressrsse,
674 2523 728 2590 vel
738 2521 887 2589 librarios
902 2544 1024 2590 nomen
1036 2519 1205 2612 quoddam
1217 2519 1377 2595 omisisse,
1388 2557 1434 2572 --

302 2618 459 2677 neutrum
487 2622 600 2677 antem
628 2609 726 2680 video
756 2631 814 2674 eur
843 2607 971 2676 factum
1000 2606 1071 2696 ipse
1099 2615 1242 2673 statuam
1256 2645 1317 2686 —‚
1349 2604 1433 2672 illud

302 2693 414 2760 solum
436 2695 639 2785 relinquitur,
662 2719 740 2764 suos
761 2695 797 2761 iu
818 2693 983 2762 Holcades
1005 2691 1258 2762 commentarios
1281 2690 1432 2782 Symma-

172 2775 180 2806 '
303 2777 405 2850 chum
428 2782 563 2871 jussisse
586 2782 743 2852 adhiberi.
764 2821 810 2832 -
866 2821 870 2830 ·

391 2867 565 2936 Praeterea
587 2869 763 2964 aliquando
786 2867 939 2958 placebat
961 2876 1115 2957 quartum
1145 2862 1287 2953 adjicere
1309 2865 1430 2944 locum,

303 2974 372 3042 quo
400 2953 483 3024 illud
508 2955 625 3024 saltem
647 2952 780 3047 probari
801 2953 906 3043 magis
928 2952 1099 3045 putabam,
1127 2971 1196 3018 non
1217 2961 1353 3042 propter
1373 2948 1431 3014 ali.

302 3062 405 3128 quarn
433 3040 567 3111 nimiam
589 3035 801 3132 Symmachei
829 3038 1057 3107 commentarii
1084 3037 1280 3108 brevitatem
1309 3036 1363 3104 vel
1385 3035 1432 3102 la·

302 3124 466 3211 botarum,
504 3152 563 3196 uas
578 3128 865 3221 interpretabatur,
879 3127 1080 3218 paucitatem
1096 3123 1215 3190 debere
1230 3145 1432 3213 quemquam

303 3210 452 3281 divorsos
480 3151 718 3304 Symmachum
748 3224 781 3282 et
806 3211 1074 3305 hypomnematis
1106 3219 1288 3310 auctorem,
1303 3219 1430 3299 putare.

301 3297 366 3367 Est
386 3299 415 3368 is
436 3299 471 3367 io
493 3299 598 3369 schol.
620 3303 683 3370 Av.
705 3310 788 3375 1297
812 3301 911 3367 etita
934 3299 1049 3368 habet:
1066 3334 1110 3348 -·-
1136 3313 1156 3356 ⁰
1179 3293 1215 3358 ‘ll
1237 3291 1430 3378 Συμμαχθῖε

299 3369 388 3488 ιεἶκεν,
416 3382 509 3448 &duat
535 3389 613 3480 (leg.
635 3382 750 3474 ἐῴκει).
795 3379 921 3469 ὄρτυγα
949 3383 986 3448 δὲ
1011 3379 1100 3464 λέγει
1126 3371 1181 3442 ὅτι
1206 3376 1430 3464 ὀρτυγοκόπος

258 3483 261 3494 ’
299 3489 346 3549 ην
374 3465 604 3560 (oidilualdum),
633 3473 710 3557 περὶ
737 3455 779 3536 ori
806 3465 1014 3555 προείρηται.
1062 3467 1130 3536 Sed
1153 3469 1194 3536 de
1216 3469 1317 3537 Midia
1338 3491 1430 3561 prae-

301 3568 354 3626 ter
374 3557 464 3628 hunc
485 3561 598 3629 locum
624 3562 659 3630 in
681 3569 796 3628 nostro
817 3555 1042 3648 Aristophane
1062 3555 1154 3627 nulla
1176 3555 1316 3646 amplios
1339 3577 1430 3622 uren·

301 3645 362 3726 tio,
383 3656 421 3714 ut
443 3648 540 3718 facile
563 3658 652 3715 esset
673 3647 715 3714 ad
736 3645 980 3730 suspicandum,
1002 3643 1038 3712 iu
1059 3642 1102 3711 de
1129 3641 1230 3709 ordita
1254 3641 1362 3744 aliqua
1383 3641 1430 3706 la-

301 3732 380 3800 bula
404 3734 523 3802 iterum
545 3733 716 3800 hominem
738 3731 780 3800 ab
795 3730 1017 3823 Aristophane
1040 3666 1227 3811 sugillatum
1242 3727 1276 3794 in
1291 3747 1429 3816 eyusque

300 3819 434 3888 fabulae
464 3820 702 3888 commentario
729 3842 782 3888 res
811 3815 955 3885 hominis
983 3841 1003 3884 a
1031 3813 1232 3906 Symmacho
1262 3822 1436 3914 euarrataa

302 3930 393 3988 csso;
438 3931 501 3975 uae
522 3907 667 4000 suspicio
689 3905 796 3997 primo
819 3905 954 3994 quidem
976 3927 1011 3974 as
1037 3912 1112 3972 ectu
1132 3900 1238 3989 magis
1258 3909 1358 3998 ⁰l¹³l¹¹¹
1376 3897 1430 3964 ad-

300 3993 433 4064 blandic
459 4006 543 4081 atur,
565 3994 656 4092 quod
673 3985 980 4080 Ἀριστοφάνην
1018 3984 1288 4075 ”Hit‘al‘ltl
1308 3996 1430 4071 lltfflm

189 4245 196 4254 ,
371 4181 400 4250 1)
417 4177 471 4237 Hie
487 4178 569 4238 nolim
586 4182 728 4256 quisquam
744 4177 858 4234 oblitum
873 4195 919 4234 me
935 4173 1077 4260 nqunullos
1094 4193 1189 4261 eorum
1201 4171 1324 4234 locorum
1335 4189 1429 4258 quera·

299 4255 360 4316 tor,
387 4267 455 4328 quos
473 4249 535 4330 Μ
557 4251 785 4313 enumerarimns3
811 4264 926 4322 quorum
948 4243 1026 4330 rrdep
1048 4242 1128 4322 paolo
1145 4243 1280 4300 drrersam
1297 4250 1429 4365 rptrooepp

300 4313 445 4443 ἓῗεείίηιιῑῖιξ
461 4309 1427 4464 edlllllmlhrorlallll:’yliovlsremddlrrlffiqullllrl‘rhllllllullleldyl,&lllllhhllylrita

300 4456 328 4508 dr
343 4461 399 4516 τοῖς
415 4455 473 4521 περὶ
489 4456 630 4522 Κρατίναω
649 4455 786 4524 daupidane
803 4471 828 4512 a,
843 4471 868 4510 τ.
885 4453 910 4513 A,
943 4467 1006 4522 ergo
1022 4469 1075 4506 non
1092 4457 1183 4525 polest
1200 4467 1234 4503 ex
1252 4455 1305 4501 telo
1322 4441 1428 4500 schoht)

300 4521 392 4584 simile
409 4522 478 4602 quid
495 4523 601 4598 colligi,
618 4531 699 4602 atque
716 4519 796 4600 quale
811 4540 830 4578 e
846 4491 933 4578 schol.
950 4520 1000 4579 Ar.
1018 4522 1085 4576 1283
1101 4515 1181 4580 modo
1198 4513 1400 4588 colligebantur·
