3250 5144
342 255 396 330 68

341 431 410 523 μηξ
419 425 606 521 Ἑρμίππου
626 429 860 520 τετραμέτροις
872 435 904 516 ¹)
926 432 1007 519 „aot
1024 427 1282 515 Θεμιστοκλέους
1301 425 1363 494 τὸν
1382 449 1475 516 πρω-

341 521 399 598 ude
418 543 469 596 τις
490 514 535 582 ἂν
555 516 756 606 κεβλήπυρις
775 542 827 594 τις
846 516 1080 602 ὀνομάζεται,“
1102 509 1186 583 ὥστε
1207 511 1337 580 ἐνθάδε
1359 511 1383 594 ἢ
1403 517 1474 580 ἐκεῖ

342 607 537 694 ἡμάρτηται
557 606 596 670 τὸ
618 601 774 694 danapri
795 606 838 695 τῇ
856 608 989 694 γραφῇ,
1034 630 1096 674 uae
1117 607 1255 698 probata
1278 605 1309 673 ci
1323 615 1401 672 sunt
1415 603 1474 694 qui

343 700 410 767 hue
431 695 650 788 transcripsit,
677 719 744 764 non
765 695 847 762 item
869 694 923 762 alii
945 633 1156 774 solidiana,
1180 695 1275 782 cujus
1297 695 1473 791 subjuncta

346 794 398 852 est
425 783 633 873 iudicatoque
660 805 744 850 voce
772 780 913 848 solemni
937 775 1051 853 ἄλλως
1078 780 1162 848 haec
1190 777 1395 845 observatius
1432 795 1475 838 ου

310 885 312 897 ’
346 867 491 932 δύναται
518 865 579 930 δύο
613 851 700 944 εἶναι
732 864 789 928 διὰ
822 863 882 927 τὸν
913 860 1069 951 ἀριθμὸν
1095 863 1161 926 τῶν
1186 855 1475 945 εἰκοσιτεσσάρων,

346 979 432 1050 quae
453 957 564 1024 lucem
585 954 751 1046 accipiunt
772 979 791 1021 e
813 953 918 1021 schol.
932 955 993 1022 Ar.
1007 962 1088 1027 297:
1109 945 1179 1012 dud
1200 945 1322 1011 τούτου
1344 943 1365 1026 ἡ
1388 966 1474 1008 κατ-

347 1037 537 1126 αρὶθμησις
563 1039 630 1101 τῶν
656 1032 703 1113 εἰς
730 1035 790 1100 τὸν
814 1036 917 1125 χορὸν
942 1030 1179 1100 συντεινόντων
1203 1027 1388 1123 προσώπων
1407 1028 1475 1118 κδ’,

346 1127 383 1192 ἐν
404 1125 546 1209 περιττῷ
566 1125 772 1213 ληφθέντων
793 1125 860 1188 των
884 1122 1216 1208 προκατειλεγμὲνων.
1258 1117 1277 1183 ὁ
1301 1121 1337 1183 δὲ
1359 1139 1478 1205 τραγι-

346 1211 403 1288 κὸς
425 1209 468 1274 ιε’
491 1207 656 1298 πρόσωπα
686 1207 759 1294 ἔχει.
801 1211 958 1273 ἐνταῦθα
980 1210 1016 1273 dt
1038 1205 1187 1296 εὑρήσεις
1206 1203 1410 1295 ἀριθμήσας
1430 1202 1476 1267 τοὶ

348 1291 602 1384 εἰκοσιτέσσαρα
617 1296 790 1383 πρόσωπα,
804 1293 839 1374 ἐξ
853 1283 900 1358 ὧν
914 1293 933 1358 d
948 1295 1089 1380 uwpradd
1097 1293 1198 1382 χορὸς
1211 1290 1420 1372 συνίσταται,
1430 1331 1477 1367 ·.···

347 1391 402 1458 vel
421 1412 442 1458 e
459 1387 566 1454 schol.
588 1381 700 1476 Equit.
721 1395 783 1459 587
793 1411 802 1452 ι
830 1382 1035 1464 συνειστήκει
1055 1380 1076 1444 ὁ
1093 1382 1193 1468 χορὸς
1213 1378 1232 1444 ὁ
1253 1383 1315 1483 μὲν
1335 1377 1477 1462 κωμικὸς

348 1470 384 1550 ἐξ
407 1468 542 1555 ἀνδρῶν
567 1467 633 1548 ἤδη
668 1472 725 1532 καὶ
750 1471 915 1553 γυναικῶν
939 1511 983 1524 -
1017 1464 1089 1551 κδ’,
1121 1464 1165 1544 ὡς
1185 1469 1243 1530 καὶ
1264 1485 1363 1542 ουτος
1384 1460 1477 1541 σἰπη-

349 1557 521 1647 ρίθμησεν
549 1555 764 1640 ἐν”()ρνισιν,
796 1553 941 1642 ἅῤῥενας
968 1557 1029 1638 μὲν
1053 1551 1146 1641 ὅρνις
1167 1551 1234 1636 ιβ’,
1268 1548 1416 1631 θηλείας
1437 1552 1475 1618 δὲ

303 1633 305 1645 ⁴
348 1641 526 1719 τοσαύτας,
571 1643 733 1710 Nimirum
757 1641 906 1726 fuciunt,
935 1645 992 1734 qui
1008 1643 1125 1712 avium
1147 1665 1322 1710 numerum
1343 1643 1478 1739 solitam

350 1731 446 1804 chori
467 1731 726 1821 magnitudinem
746 1754 815 1797 non
830 1730 990 1798 excedere
1005 1738 1168 1821 putarent,
1191 1730 1273 1795 adeo
1289 1737 1336 1808 ut,
1358 1726 1481 1805 κεβλη-

245 1838 253 1854 ·
349 1836 448 1902 παρις
470 1817 503 1884 si
529 1818 617 1884 duae
646 1827 758 1884 essent
784 1841 878 1898 aves,
912 1817 1091 1906 aequabilis
1118 1817 1173 1882 illa
1201 1815 1312 1881 avium
1333 1813 1419 1881 inter
1441 1824 1480 1882 et

352 1903 443 1972 chori
463 1926 639 1982 numerum
661 1903 743 1968 ratio
765 1903 1026 1992 perturbaretur3
1053 1925 1158 2000 eaque
1180 1899 1342 1969 sententia
1364 1911 1479 1968 nostra

351 1990 510 2058 memoria
532 1988 669 2080 pulchre
687 1999 848 2078 exornata
871 1998 924 2055 est
945 2013 962 2055 a
985 1989 1173 2068 Boeckhio‚
1195 1987 1265 2054 viro
1288 2010 1418 2053 summo
1433 1991 1478 2065 ²).

351 2076 421 2144 Sed
443 2099 517 2142 eam
539 2074 729 2162 opinionem
752 2097 818 2142 non
840 2075 938 2141 credo
961 2098 1039 2142 sane
1055 2075 1248 2142 scholiastes
1265 2097 1306 2139 ex
1320 2097 1381 2140 suo
1398 2071 1478 2140 hau·

351 2162 435 2230 sisse
463 2163 610 2250 ingenio,
642 2161 812 2250 magisque
845 2161 975 2227 videtur
1007 2161 1173 2227 credibile
1197 2185 1239 2226 ex
1270 2160 1480 2250 superiorum

353 2249 526 2338 cujusdam
548 2248 630 2314 hhro
653 2247 738 2312 hanc
761 2255 884 2312 tantam
908 2246 1090 2313 doctrinam
1106 2245 1250 2313 fluxisse.
1293 2246 1412 2334 Neque
1430 2255 1478 2312 ta-

294 2339 296 2344 ’
337 2345 430 2403 'men
453 2335 527 2400 ideo
555 2333 667 2399 statiut
690 2332 947 2435 quisquamsibi
969 2333 1180 2422 persuadeat,
1210 2354 1278 2398 non
1299 2355 1359 2422 per
1380 2333 1479 2418 Sym-

352 2419 463 2490 machi
491 2430 762 2504 commentatum
786 2419 1053 2486 observationem
1080 2419 1171 2484 illam
1192 2418 1285 2508 quasi
1307 2419 1479 2486 transiisse

355 2529 461 2596 eaque
482 2506 534 2574 via
558 2507 597 2570 ad
617 2503 812 2571 scholiastas
834 2505 967 2572 tandem
983 2505 1181 2594 peruenisse,
1203 2505 1260 2570 scd
1276 2503 1481 2593 incognitam

354 2589 557 2682 Symmacho
583 2591 626 2656 ab
648 2589 728 2679 ipsis
755 2591 940 2657 scholiastis
961 2601 1125 2682 repertam
1151 2590 1185 2656 in
1208 2590 1343 2680 antiquo
1366 2591 1478 2680 aliquo

353 2675 592 2748 commentario
608 2676 723 2758 tuisse3
745 2700 852 2765 neque
874 2677 962 2744 enim
978 2702 1019 2744 ea
1034 2678 1096 2744 ista
1119 2677 1303 2744 observatio
1318 2686 1370 2759 est
1392 2699 1478 2768 quae

355 2789 471 2832 ornnes
499 2763 610 2830 statim
638 2764 679 2828 ad
706 2786 878 2848 assensum
902 2761 1023 2841 trahat,
1057 2785 1222 2852 quamque
1245 2787 1343 2831 nemo
1365 2763 1478 2852 legere

356 2862 454 2939 atque
479 2851 564 2916 adeo
588 2849 770 2916 describere
797 2849 955 2940 potuerit,
988 2848 1069 2940 quin
1090 2870 1184 2916 suam
1207 2849 1353 2940 aliquam·
1372 2849 1479 2915 diver·

355 2959 428 3003 sam
446 2935 646 3003 seutentiam
669 2935 846 3025 reprimere
868 2935 1019 3002 noluerit
1064 2935 1139 3022 Quo
1162 2936 1250 3002 euim
1271 2944 1477 3024 argumento,

356 3022 446 3174 (prod
468 3021 686 3088 certissimum
701 3023 748 3086 sit
763 3044 960 3110 omnemque
976 3021 1213 3088 dubitationem
1226 3023 1343 3113 procul
1354 3031 1478 3098 arceat,

355 3106 437 3174 ilud
460 3108 675 3176 demonstrari
696 3106 818 3197 possit,
844 3117 910 3197 q'uo
930 3105 993 3174 ista
1015 3108 1130 3175 nititur
1151 3109 1331 3188 sententia,
1358 3107 1435 3174 iude
1456 3131 1479 3174 a

356 3217 389 3264 r.
410 3201 477 3266 294
504 3193 637 3262 demum
656 3193 842 3260 enumerari
862 3217 881 3258 a
903 3204 1001 3285 poeta
1024 3193 1116 3260 chori
1135 3195 1206 3262 sive
1229 3217 1384 3284 personas
1407 3193 1480 3260 sive

358 3303 454 3362 aves,
479 3301 537 3346 eas
557 3289 671 3345 autem
688 3290 847 3368 quattuor
868 3304 961 3361 aves,
986 3299 1125 3370 quarum
1147 3305 1177 3348 v.
1199 3291 1279 3362 268,
1300 3288 1380 3360 274,
1401 3289 1477 3361 279,

354 3375 420 3440 287
448 3368 572 3434 mentio
600 3365 653 3445 fir,
683 3367 777 3432 omui
804 3367 903 3432 modo
924 3368 958 3454 ‘pr
979 3368 1204 3456 computando
1226 3367 1317 3434 chori
1338 3389 1477 3444 numero

356 3451 568 3542 negtigendas
590 3451 683 3520 esse?
703 3453 763 3517 sed
785 3451 844 3517 has
866 3451 923 3545 qui
943 3454 1131 3520 meminerit
1151 3463 1286 3544 apparet
1308 3453 1401 3520 facile
1419 3475 1477 3542 po·

356 3537 459 3603 tuisse
486 3539 527 3604 de
555 3537 800 3604 dissertando
830 3537 979 3608 dubit-are
998 3551 1106 3628 caque
1127 3549 1236 3630 spreta
1259 3538 1356 3606 aliam
1377 3539 1477 3604 iuter-

357 3617 575 3716 pretatioucm
596 3645 762 3713 quaerere.
806 3623 857 3690 Ad
879 3625 967 3715 ¹quod
978 3650 1085 3715 quum
1100 3627 1281 3704 accederet,
1304 3635 1341 3690 ut
1356 3616 1478 3703 κεβλή-

350 3727 453 3794 πυρις
479 3710 589 3800 ignota
617 3727 748 3800 prorsus
770 3708 839 3778 avis
857 3721 966 3794 esset,
992 3709 1094 3790 κὲβλη
1116 3722 1228 3780 autem
1253 3710 1330 3778 alibi
1352 3733 1477 3776 merno-

355 3807 425 3864 rata
452 3796 665 3878 inveniretur,
697 3806 769 3863 tum
797 3789 894 3879 πύρις
918 3798 989 3864 avis
1017 3797 1179 3896 quaedam
1205 3807 1318 3901 posset
1346 3796 1435 3863 credi
1455 3819 1477 3864 a

355 3883 453 3950 ruhro
466 3882 575 3950 colore
588 3901 709 3948 nomen
721 3905 847 3968 gerens,
857 3892 898 3950 ut
908 3901 1081 3967 πορφυρίς,
1096 3879 1315 3998 {postponente
1330 3882 1423 3966 aliae,
1433 3918 1479 3932 -·

353 3968 467 4055 augeri
490 3967 583 4036 facile
604 3968 768 4034 dubitatio
789 3969 909 4060 potuit.
952 3969 1023 4037 Sed
1066 3993 1201 4037 uersum
1223 3968 1329 4036 haec?
1350 4007 1395 4022 -ψ
1429 3967 1478 4036 Ut

356 4077 373 4119 a
423 4065 512 4122 areat
538 4076 607 4123 non
633 4054 773 4122 absurde
801 4078 856 4122 me
882 4065 1025 4124 statuere
1048 4055 1285 4144 Symmachum
1313 4055 1406 4121 iliam
1434 4053 1477 4120 de

354 4079 467 4209 ἣν
494 4140 529 4207 in
556 4137 662 4222 chora,
684 4140 802 4210 avibus
827 4143 1028 4210 senteutiam
1053 4143 1264 4236 descripsisse
1283 4141 1420 4234 quidem
1440 4147 1478 4208 et

352 4281 556 4302 -n-d-—r-r-

423 4361 449 4431 1)
466 4361 654 4486 Fragrpentum
665 4361 906 4454 *comptissimum
922 4359 1088 4425 acutiordtus
1104 4363 1228 4441 relinquo
1244 4363 1406 4436 amantum
1425 4379 1476 4437 ego

353 4445 462 4569 qnihil
468 4439 513 4557 Si·
524 4433 804 4580 itddh'hhieddlgiaec.
821 4497 943 4580 tragoed.
958 4497 1105 4586 principib.
1121 4522 1152 4584 p.
1167 4508 1202 4562 70
1217 4521 1278 4581 seq.
