3250 5144
347 250 421 333 uo
1049 299 1064 364 ,

347 447 483 512 streone
499 430 721 513 recentiorum
749 453 866 498 manus
889 439 1112 519 tgnoseuntur
1134 427 1232 502 facile
1251 425 1285 496 io
1309 424 1473 510 eislocis,

347 522 466 610 quibus
493 519 668 611 scriptores
696 517 838 590 citantur
859 517 916 606 qui
944 516 1049 583 multo
1071 525 1148 606 post
1169 513 1363 604 Symmachi
1385 523 1474 582 aeta·

346 617 415 686 tem
437 605 564 684 vixere3
593 606 654 694 ,qui
676 604 741 672 loci
763 617 868 694 quum'
889 613 923 670 et
943 601 1041 691 pauei
1060 623 1200 670 numero
1222 599 1304 678 sint,
1334 610 1368 666 et
1389 599 1474 674 tales

347 691 483 760 laudent
504 691 680 782 scriptores
702 689 759 780 qui
780 691 835 757 vel
857 689 899 755 ob
922 688 931 753 i
958 713 1041 760 sum⁴
1054 709 1164 755 rerum
1185 695 1395 760 tractatarum
1419 708 1474 775 ge-

256 843 258 849 ,
347 801 410 846 nus
439 777 695 866 symmachique
719 713 961 866 ‘interpretandi
989 773 1153 840 rationem
1180 772 1236 838 virt
1263 771 1472 864 potuerinta

348 847 552 953 Symmachri
579 863 670 932 citari
697 885 759 934 nec
781 864 923 936 citantu·
944 860 1007 928 nisi
1030 859 1134 927 semel
1157 858 1263 926 bisve:
1293 881 1359 924 non
1380 868 1475 958 potq-

347 960 425 1018 runt
448 950 493 1015 eis
517 950 650 1041 opponi,
672 972 757 1037 quac
780 971 877 1038 supra
901 886 942 1014 rie
958 945 1149 1035 Symmachi
1168 953 1275 1011 aetate
1291 948 1475 1013 enucleavr-

345 1057 434 1104 mus.
484 1037 573 1104 Inter
601 1037 684 1101 tales
712 1044 824 1102 autern
847 1032 1029 1123 'scriptores
1081 1032 1181 1098 rimus
1209 1031 1400 1099 referendus
1423 1039 1476 1096 est

350 1121 549 1209 Georgius
572 1121 747 1200 Pisidas,
775 1119 908 1209 septimi
928 1129 1004 1209 post
1027 1056 1194 1214 Christum
1215 1115 1475 1216 saeculi‘homo,

266 1219 268 1226 '
351 1210 444 1296 cuius
473 1208 514 1288 ad
542 1207 769 1296 explicandam
797 1227 915 1272 vocem
937 1205 1019 1270 satis
1040 1205 1226 1292 vulgarem,
1253 1200 1391 1282 αντλια,
1418 1200 1476 1268 hic

351 1294 637 1360 citatur-senarius
656 1292 692 1358 'in
715 1291 817 1358 schol.
832 1292 908 1358 Pac·
926 1299 981 1360 17:
1009 1284 1044 1348 ἐκ
1065 1291 1136 1364 τῶν,
1154 1283 1296 1368 ἐχόντων
1316 1284 1377 1362 φὰς
1399 1286 1475 1360 dop-

249 1417 255 1424 »
350 1373 446 1450 delere
472 1371 618 1450 ἀντλίας.
670 1379 771 1444 Porro
799 1377 832 1445 in
861 1375 964 1452 schol.
991 1375 1019 1443 Ε
1048 1376 1103 1452 uit.
1131 1382 1196 1448 540
1223 1374 1351 1463 longior
1385 1382 1476 1440 extat
1587 1455 1591 1460 ⁸

350 1465 444 1538 locus
468 1457 528 1538 „da
547 1480 637 1536 τινος
658 1461 724 1521 τῶν
744 1459 805 1538 τῆς
826 1456 908 1544 παρ’
933 1456 1015 1540 ἡμῖν
1061 1455 1474 1544 ρησκεὶαςὶερυφαντῶγ,“

350 1573 450 1640 quem
467 1549 716 1638 -Gregoriu‘m
737 1548 1039 1616 Nazianzenum
1067 1569 1139 1614 esse
1161 1569 1228 1612 non
1251 1546 1336 1649 fugit
1356 1545 1476 1615 Kuste·

336 1659 440 1711 ruma
467 1646 542 1706 not..
558 1637 597 1700 od
621 1634 723 1706 schol.
748 1634 768 1698 l.
788 1633 812 1698 l.
860 1633 947 1700 Tum
975 1631 1029 1698 isti
1057 1632 1216 1719 theologo
1246 1656 1313 1722 qur«
1331 1633 1401 1700 iere
1423 1653 1477 1696 ae-

351 1722 456 1810 qualis
480 1721 541 1796 luit
560 1719 916 1800 ,Liba-niusuoitatur
930 1717 976 1796 ‚in
999 1717 1102 1794 schol.
1125 1719 1207 1792 Ach.
1228 1727 1314 1792 let,
1345 1715 1477 1794 Deinde

351 1830 452 1895 quem
474 1805 913 1897 Pseudophocylidem¹
928 1803 1214 1896 hodieappellare·
1232 1806 1386 1882 solemus
1393 1804 1479 1878 item

351 1891 517 1958 recentior
539 1893 654 1984 aliquis
670 1891 844 1958 scholiasta
862 1891 904 1957 de
920 1913 981 1957 suo
996 1889 1125 1957 videtur
1141 1891 1305 1958 addidisse
1321 1890 1354 1956 in
1369 1890 1475 1957 sehol.

351 1977 438 2044 Nub.
460 1985 534 2050 241.
556 2015 598 2026 -
642 1978 729 2062 Quid
757 1975 1174 2067 quobphilostrarum
1202 1979 1284 2044 adeo
1311 1977 1345 2043 in
1372 1975 1477 2043 s'ehol.

351 2065 434 2130 Ran.
455 2073 535 2145 216;
568 2063 779 2130 Aelianum
808 2061 1152 2144 insehol.Av·158;
1185 2063 1414 2154 Appianum
1441 2061 1477 2129 in

352 2147 464 2218 schol,
479 2148 693 2239 Equites&
722 2149 975 2224 Athenaeum
997 2149 1031 2216 in
1051 2149 1157 2218 schol.
1180 2149 1257 2224 Pae.
1281 2158 1383 2232 [2103
1409 2153 1477 2214 Ar·

352 2236 506 2302 rianum
534 2238 566 2303 in
590 2235 700 2314 schola
715 2237 854 2310 Acharn.
876 2245 935 2316 863
968 2235 1188 2304 Lucienum
1210 2237 1245 2302 in
1267 2235 1370 2310 schol.
1392 2233 1477 2302 Rau.

351 2331 559 2403 968εῑ988ς
582 2321 742 2405 nonan
757 2330 839 2404 3263
861 2329 940 2398 5993
965 2321 1208 2420 Pausaniam·
1219 2321 1252 2388 in
1268 2319 1374 2391 schol.
1389 2319 1477 2389 Nub.

352 2415 437 2488 331Ἰ
457 2408 538 2478 alios
561 2406 637 2484 alibi
657 2407 777 2480 citatos
800 2431 867 2482 non
890 2431 908 2474 e
931 2407 1126 2494 Symmachi
1146 2409 1228 2476 libro
1248 2407 1478 2498 depromptos,

354 2495 412 2566 sed
436 2496 476 2560 ab
498 2493 578 2584 ipsis
602 2493 785 2572 scholiastis
808 2493 940 2572 additos
962 2494 1103 2563 censeo?
1140 2493 1181 2568 Hi
1198 2493 1483 2592 enimscriptor'es,

353 2581 472 2736 partim
488 2580 577 2670 apud
587 2580 789 2660 recentiores
804 2581 848 2646 ita
864 2581 1113 2648 celebrabantur
1128 2580 1238 2672 itaque
1251 2604 1313 2675 par
1328 2595 1478 2647 omnium
1557 2583 1560 2598 '

370 2667 543 2743 erebantur
569 2689 641 2747 ora,
673 2677 711 2732 ut
739 2666 767 2732 si
793 2669 847 2732 vel
874 2667 978 2756 magis
1004 2690 1102 2768 quam
1131 2690 1243 2750 revere
1272 2665 1479 2741 faetumiest

355 2753 542 2843 adjustum
572 2775 633 2818 nec
662 2752 759 2820 nimis
783 2763 952 2835 oneratum
977 2754 1090 2820 ahenis
1114 2751 1388 2826 commentarium
1408 2752 1478 2821 Ari-

355 2838 576 2929 stophaneum
592 2837 750 2930 adbiberi,
762 2839 956 2929 potuissent,
978 2849 1087 2906 tamen
1109 2839 1152 2906 ad
1166 2839 1404 2928 Symmachum
1419 2837 1478 2904 mi·

354 2947 423 2996 nus
446 2949 548 3015 quam.
575 2925 625 2998 ad,
643 2924 799 3014 aliquem*
813 2925 1036 3000 recentiorem,
1057 2924 1383 2993 scholiastamcitati
1406 2925 1479 3012 ejus

352 3010 522 3101 'scriptoris
536 3011 692 3098 ¹gloriam¹
705 3013 887 3088 redundare
908 3011 1069 3089 dicerem;
1091 3011 1210 3101 partim
1233 3011 1332 3079 cumi
1358 3034 1393 3078 sa
1410 3008 1484 3076 Ari..
1607 3037 1608 3076 1

356 3096 526 3186 stephanis
555 3099 821 3187 interpretatione
849 3097 1172 3177 minuscohaerent,
1206 3119 1306 3185 quam
1327 3035 1480 3185 Symma-

357 3182 438 3248 chea
460 3183 699 3274 interpretandi¹
716 3185 799 3256 ratio
823 3183 1014 3284 efsslagitare
1028 3183 1174 3264 videtum
1197 3183 1318 3272 partim
1333 3182 1486 3272 denique¹
1607 3159 1608 3170 ἵ

356 3269 400 3336 ita
430 3278 510 3344 siout
534 3279 647 3344 natura
664 3281 946 3360 ,sua.,eomparatr,
971 3280 1024 3346 ort,
1062 3290 1142 3339 aene
1164 3269 1228 3346 ,toti
1249 3269 1421 3360 pendeant
1436 3269 1484 3346 ab·

357 3355 594 3446 antiquioribus
615 3353 773 3428 fontibus.
796 3357 990 3446 quusipsos
1013 3294 1406 3445 adireSyrnmaehumet
1421 3377 1484 3444 po·

356 3443 461 3522 tuisse¹
489 3452 523 3508 et
544 3441 695 3508 ¹voluisse
717 3443 789 3544 quis
813 3442 892 3544 yrlit
913 3444 1068 3528 negare?
1098 3440 1480 3530 Et;‚ultimum„quidem

196 3543 199 3556 ¹
248 3529 254 3544 ‘
356 3524 422 3594 hoc
445 3527 477 3592 in
502 3522 706 3609 Athenaeum
734 3528 891 3619 rmpnmis
915 3528 1019 3608 cadit,
1051 3552 1151 3618 quem
1174 3528 1308 3597 eosdem
1330 3545 1480 3628 nonunq-

357 3633 457 3702 quam
486 3635 560 3680 cum
582 3613 784 3704 Symmacho
813 3614 921 3690 fontes
949 3614 1066 3690 adiisse
1089 3634 1185 3703 supra
1209 3612 1331 3704 passim
1353 3636 1479 3680 monuo-

357 3721 444 3778 mus,
466 3697 525 3766 sed
547 3702 641 3790 eujus
665 3701 865 3790 frequentior
887 3700 1040 3786 sine-fullp
1057 3683 1260 3768 dubilahone
1276 3711 1310 3766 et
1324 3697 1486 3766 illustrior.
1605 3755 1606 3764 ,

358 3787 516 3864 memoria
539 3784 577 3850 in·
595 3786 716 3852 nostris
734 3786 870 3854 scholiis
892 3797 1030 3868 extaret,
1051 3787 1078 3852 si
1096 3803 1162 3854 non
1176 3797 1246 3852 tam
1260 3810 1277 3852 a
1293 3784 1480 3856 recentiori·
1605 3791 1606 3816 ¹

359 3870 421 3952 bus
435 3868 630 3952 'scholiastis
652 3893 792 3963 quamn
815 3869 1016 3962 Symmacho
1039 3882 1127 3940 esset
1148 3881 1333 3966 usurpatus.
1361 3967 1365 3976 Ι

339 4263 341 4268 -
446 4213 554 4298 Quam
582 4211 733 4302 quidem
751 4213 792 4279 de
817 4214 1054 4284 *additamentis
1090 4241 1108 4282 a
1136 4214 1338 4306 Symmacho
1368 4212 1482 4280 alienis

328 4381 331 4388 ,
360 4300 557 4366 sententiam
580 4321 620 4368 eo
643 4297 861 4368 confidentius
876 4301 954 4368 licet
968 4304 1118 4393 proponi,
1139 4301 1228 4392 quod
1244 4312 1372 4391 practer
1388 4298 1484 4374 illum

319 4405 330 4482 ᾗ
360 4381 442 4452 alios
464 4405 598 4487 quoque
620 4386 661 4452 ad
684 4385 818 4457 ditanda
841 4383 965 4454 scholia
988 4398 1098 4456 nostra
1121 4411 1187 4456 non
1209 4388 1311 4456 luisse
1333 4377 1484 4464 ἀσυμβό-

360 4465 449 4550 λους,
474 4482 516 4540 cx
538 4470 625 4563 ipsis·
640 4471 711 4549 istis
733 4472 1040 4566 subscriptionibus,
1064 4475 1150 4544 unde
1166 4473 1374 4566 potissimum
1389 4473 1485 4562 Sym-

553 4593 569 4634 Ι
838 4589 839 4594 ,
