3250 5144
287 293 338 368 78

207 553 209 558 .
286 475 323 542 ἓν
345 473 546 563 Περιαλγεῖ·
577 467 747 556 ‚qusquis
765 510 809 523 -
836 469 1061 554 dprtyoaorrov
1082 469 1146 556 ι).“
1188 459 1411 550 διαβάλλεται

286 563 322 628 δὲ
340 605 384 618 .-
404 563 462 624 καὶ
483 555 722 644 πτωχαλάζων,
744 553 788 631 ὡς
816 553 981 642 Φρύνιχος
1000 559 1034 617 ὲν
1051 551 1222 644 Ἐπιάλτῃ.
1265 553 1352 635 λέγει
1373 555 1411 616 δὲ

285 647 322 712 ἐν
344 644 557 734 Ποαστρίαις
578 641 597 707 ὁ
619 641 721 718 αὐτὸς
741 640 785 718 ὥς
805 644 863 704 καὶ
883 643 958 729 περὶ
973 639 1154 726 &lentoque
1167 640 1273 703 αὐτοῦ
1288 639 1411 703 ἐσπου-

286 731 436 809 δακότος.
487 736 581 822 Quae
609 735 636 800 si
664 755 743 804 vere
766 732 909 819 conjeci,
938 731 1051 798 statim
1073 731 1168 796 nobis
1190 741 1262 796 tum
1284 729 1410 795 Aristo-

285 824 412 916 phanea
436 822 543 912 aliqua
567 818 676 886 fabula
699 818 797 886 hodie
822 818 1009 909 deperdita,
1032 817 1065 883 in
1087 840 1152 906 qua
1169 815 1289 882 Midias
1311 815 1411 881 simili

286 921 384 1000 atque
406 910 440 975 in
462 908 588 978 Avibus
610 905 737 972 ratione
759 905 965 995 vituperatus
989 903 1100 982 suerit,
1123 912 1195 969 turn
1218 900 1411 989 Symmachi

284 997 317 1062 in
348 1019 420 1063 earn
448 995 594 1060 fabulam
623 992 877 1059 commentarius
906 1000 1041 1081 repente
1070 990 1110 1055 de
1137 988 1289 1054 manibus
1313 988 1412 1053 elabi·

283 1093 353 1161 turr
385 1082 417 1147 id
441 1081 528 1169 quod
558 1077 711 1168 equidem
738 1101 804 1144 non
832 1077 951 1167 querar
972 1098 1188 1167 magnopere,
1217 1074 1411 1165 praesertim

285 1192 388 1260 quum
410 1167 509 1234 verba
532 1166 602 1261 itta,
636 1165 833 1254 quibuscum
856 1162 951 1230 nobis
974 1185 1026 1242 res
1049 1172 1116 1243 est,
1149 1153 1345 1243 Σύμμαχος·
1366 1198 1412 1211 -

284 1252 378 1336 napi
406 1238 453 1312 orl
481 1269 744 1337 npoaapnrat,
780 1249 907 1316 facilius
936 1249 1035 1316 etiam
1062 1249 1236 1317 videantur
1264 1245 1412 1340 expediri

284 1363 398 1432 posse,
422 1362 522 1428 quam
541 1349 579 1405 ut
600 1338 641 1404 ad
665 1337 853 1428 deperditae
875 1336 1006 1402 fabulae
1028 1335 1302 1402 commentarium
1325 1333 1377 1400 ref
1399 1375 1412 1391 ·

283 1451 359 1518 gere
383 1425 605 1492 necessarium
627 1425 678 1490 sit.
728 1422 845 1511 Neque
868 1424 955 1488 enim
977 1421 1195 1513 improbabile
1220 1431 1284 1502 est,
1315 1421 1410 1508 Sym-

282 1511 437 1580 machum
465 1512 590 1613 ipsum,
622 1507 740 1599 utqui
762 1533 848 1598 quae
877 1509 1082 1600 praecedunt
1108 1507 1143 1574 in
1165 1507 1286 1574 librum
1313 1530 1412 1574 suum

162 1672 172 1686 x
281 1597 433 1666 retulerit
454 1607 488 1664 et
501 1621 583 1687 apsa,
606 1618 710 1685 quum
725 1619 820 1661 suam
834 1604 1035 1687 proponeret
1049 1594 1258 1674 sententiam,
1281 1593 1322 1660 de
1339 1593 1411 1681 ejus

281 1686 497 1756 fundamento
521 1682 563 1748 ad
586 1685 669 1749 alius
693 1683 732 1746 ab
756 1681 828 1770 ipso
851 1682 952 1747 modo
971 1681 1062 1750 citari
1078 1680 1280 1769 grammatici
1299 1682 1411 1770 copias

270 1771 445 1861 respicere
467 1769 633 1859 petuisse;
657 1791 724 1856 quo
748 1768 857 1834 denuo
880 1769 1123 1857 comprobetur,
1146 1766 1236 1855 quod
1260 1769 1299 1833 de
1316 1769 1410 1856 Sym-

281 1856 389 1924 machi
411 1854 496 1922 libro
525 1865 562 1921 ut
590 1854 698 1944 aliqua
727 1854 874 1944 priorum
900 1853 1116 1943 interpretum
1139 1853 1336 1920 collectione
1358 1877 1411 1919 su·

280 1967 338 2047 pra
356 1941 563 2044 exposui—
596 1941 873 2028 Quamquam,-
894 1939 1030 2028 nequid
1046 1938 1307 2006 dissimulem-
1328 1938 1411 2005 nihil
1446 1945 1450 1956 ¹

281 2029 435 2119 impedit,
469 2026 645 2117 quominus
674 2050 741 2091 non
763 2036 831 2092 tam
853 2024 1109 2125 Symmachum,
1142 2049 1243 2116 quam
1265 2026 1411 2115 aliquem

281 2113 482 2181 scholiorum
505 2113 718 2180 collectorem
741 2112 801 2178 ista
825 2111 902 2196 περὶ
923 2129 964 2173 ου
987 2106 1187 2197 προείρηται
1207 2112 1249 2178 ob
1271 2112 1412 2180 eandem

281 2224 415 2269 causam
438 2199 590 2290 posuisse
613 2198 765 2267 credatur
778 2201 820 2277 ²).
1087 2216 1089 2224 ·

289 2321 293 2328 ·
367 2287 495 2371 Quodsi
517 2285 550 2352 in
573 2284 676 2352 schol.
700 2285 760 2350 Ar.
783 2306 852 2348 non
874 2282 923 2347 ad
937 2305 1015 2350 suos
1037 2284 1292 2351 commentarios
1315 2285 1411 2372 Sym·

280 2371 418 2440 machus
446 2371 608 2464 respexit,
642 2371 741 2437 simul
768 2391 837 2435 non
863 2391 1001 2458 possum
1029 2372 1096 2459 jam
1123 2371 1243 2437 eodem
1266 2371 1339 2438 loco
1368 2372 1412 2438 ad

281 2445 379 2526 aliam
402 2482 535 2550 quoque
564 2480 634 2525 rem
662 2457 727 2537 uti;
760 2456 823 2521 fuit
846 2455 933 2521 enirn
956 2479 1059 2545 quum
1088 2479 1143 2522 me
1165 2481 1331 2549 sperarem
1354 2459 1411 2526 dc-

280 2554 557 2626 monstraturum,
590 2542 829 2633 Symmachum
857 2542 998 2608 eundem
1026 2541 1059 2608 in
1089 2543 1335 2634 interpretando
1363 2555 1411 2612 te.

279 2633 392 2699 nuisse
414 2630 599 2696 fabularum
622 2630 786 2706 ordinem,
820 2651 920 2718 quem
942 2651 1040 2718 snpra
1062 2630 1280 2719 probavimus*
1295 2631 1328 2696 in
1351 2630 1414 2720 by·‘

279 2727 492 2810 pomnemate
516 2721 704 2782 constanter
726 2714 828 2780 fuisse
849 2724 1030 2786 servatum,
1051 2755 1095 2766 —-
1117 2725 1154 2782 ut
1169 2717 1251 2782 inde
1275 2735 1408 2807 quoque

278 2805 477 2896 persuadere
494 2802 671 2884 lectoribus
685 2800 862 2879 studerem,
884 2799 1123 2888 Symmachum
1140 2806 1211 2890 ejus
1227 2802 1408 2892 hypomne.

279 2891 378 2959 matis
406 2889 507 2956 luisse
535 2899 715 2956 auctorem.
766 2888 876 2971 Quam
903 2887 937 2951 iu
965 2910 1034 2952 rem
1062 2888 1246 2977 potuissem
1269 2895 1406 2958 l'or'tasse

169 3047 183 3072 N
278 2975 338 3042 illo
361 2999 495 3080 quoque
518 2973 593 3041 loco
615 2974 674 3040 uti.
726 2973 793 3043 Sed
815 2995 917 3075 quum
941 2971 975 3038 in
998 2973 1187 3041 universum
1211 2999 1249 3042 ea
1271 3001 1330 3068 spe
1352 2999 1407 3042 ex-

280 3061 430 3138 cidenm
452 3060 649 3147 singularem
696 3081 805 3147 noque
827 3058 922 3125 rllum
943 3057 1055 3125 locum
1077 3083 1143 3140 non
1160 3061 1255 3130 doleo
1274 3086 1407 3152 magno·

279 3171 359 3253 pere
381 3147 461 3214 mihi
485 3157 646 3236 ereptum.
709 3145 827 3212 nterim
848 3155 960 3212 tamen
981 3169 1049 3212 non
1071 3143 1303 3239 celabmquae,
1327 3152 1408 3216 dum

279 3247 343 3324 asta
366 3257 426 3326 spe
448 3233 596 3312 tenebar,
629 3231 811 3299 invenerim
833 3234 940 3300 bonae
962 3231 1096 3333 quidem
1121 3234 1175 3302 illa
1199 3236 1320 3320 hugis,
1347 3236 1407 3303 sed

306 3345 366 3390 uae
395 3344 463 3388 non
497 3318 667 3387 sufficiunt
688 3320 740 3386 ,ad
769 3342 806 3385 ea
833 3342 925 3408 ,quae
958 3320 1110 3390 sectabar
1141 3322 1406 3390 demonstranda.

280 3347 400 3498 Seque
428 3407 515 3474 enim
545 3404 723 3495 quicquam
746 3405 961 3477 demonstrari
983 3415 1094 3495 potest
1115 3407 1178 3474 nisi
1200 3408 1281 3488 hoc,
1310 3411 1415 3500 Sym·

279 3497 436 3562 machum
458 3515 590 3582 quoque
613 3500 790 3581 sequutum
804 3491 839 3558 in
853 3491 1104 3582 interpretandis
1120 3493 1238 3561 fabulis
1257 3497 1407 3564 ordinem

282 3581 425 3668 aliquem
448 3579 550 3646 fuisse
574 3577 631 3669 qui
653 3589 840 3666 temporum
856 3577 1016 3644 rationem
1037 3577 1118 3645 nihil
1134 3582 1282 3662 curabat3
1305 3584 1405 3672 idque

282 3675 395 3758 aperte
418 3664 631 3757 consequitur
653 3687 695 3730 ex
710 3662 901 3754 Symmachi
915 3664 1024 3730 verbis
1042 3665 1074 3731 in
1091 3666 1193 3733 schol.
1211 3668 1295 3738 Plut.
1312 3677 1406 3752 1012,

281 3755 374 3820 si-
402 3751 510 3841 quode
539 3774 605 3817 non
629 3749 742 3816 dubito
765 3789 809 3799 -·-
837 3749 962 3820 et1illa:
1000 3745 1036 3808 ἓν
1057 3753 1128 3824 τοῖς
1149 3747 1224 3830 ἑξῆς
1245 3748 1406 3837 δράμασι,

215 3851 218 3860 “
280 3849 371 3907 recte
392 3837 626 3929 interpretatus
648 3859 733 3917 sum,
756 3846 790 3904 et
811 3859 878 3903 non
900 3835 1043 3927 primum
1064 3837 1200 3908 Plutum
1221 3841 1406 3932 oSymma-

282 3924 347 3994 cho
371 3947 443 3992 esse
467 3923 665 4017 explicatum
686 3925 758 4015 jure
781 3921 951 3991 affirmavi.

280 4069 484 4088 ἡ

350 4146 377 4228 1)
400 4141 486 4230 Repto
508 4145 603 4263 opinor
624 4163 732 4202 versum
752 4141 906 4202 emendarit
921 4141 1022 4216 Berglr·
1039 4143 1144 4206 Gomm·
1160 4165 1188 4226 p·
1203 4149 1269 4208 tarn
1294 4147 1407 4222 χρηστόν

283 4228 312 4278 ys
327 4231 365 4281 μη
386 4229 451 4261 κατα
470 4215 526 4262 Met
545 4216 596 4266 lav.

350 4283 379 4353 2)
397 4278 438 4337 Ol.
455 4298 538 4358 supra
554 4281 632 4353 §511
650 4301 678 4362 p.
694 4254 735 4338 35¹
748 4289 796 4338 not
811 4283 829 4338 t
846 4289 915 4340 extr·
938 4254 945 4264 Ι
