3250 5144
317 265 393 348 tto

314 453 518 526 circumferri
540 452 722 548 oportebat.
736 451 849 522 istius·
860 451 1045 526 recensioni
1061 461 1330 546 praeterpauces
1343 477 1439 545 quas-

316 543 392 615 dam
413 554 448 612 et
470 541 612 612 minutas
630 564 686 613 res
699 541 889 612 ,udrrrodum
910 540 1039 608 similia.
1084 541 1143 622 lta,
1165 551 1203 608 ut
1217 538 1370 631 exemplo
1386 567 1439 614 res

135 625 138 642 ¹
211 663 216 676 ι
314 631 434 698 evadat
456 629 560 718 magis
581 627 769 730 perspicua,
797 628 831 692 in
852 627 1183 724 Homeroxprioribus
1208 630 1348 698 saeculis
1370 629 1439 696 Ari-

313 716 464 786 starchee
486 739 636 784 recensio
658 712 812 796 invaluit,
846 722 962 803 estque
984 713 1049 780 hoc
1070 712 1167 794 illud,
1194 715 1286 804 quud
1306 715 1439 805 saepius

313 803 350 870 in
363 802 486 870 scholi.
506 802 625 870 Venet.
648 801 689 866 ad
710 800 801 866 Iliad.
822 798 943 888 legitur
960 801 1003 880 ¹):
1028 793 1226 885 Ἀριστάρχῳ
1249 795 1393 875 ἐπείσθη
1416 795 1438 880 ἡ

313 884 513 971 Ιπαράδοσις,
536 898 570 954 et
590 885 751 977 imprimis
771 885 847 967 hoc,
870 886 958 975 quod
977 885 1009 952 in
1025 886 1127 956 schel.
1146 885 1225 960 adr,
1247 896 1311 958 ooo
1333 898 1439 956 extat:

313 972 460 1047 τινὲς,τὸ
482 969 581 1055 τιμῆς
604 972 660 1032 διὰ
690 989 751 1032 τον
773 990 786 1031 ι
807 966 1006 1055 γράφουσιν.
1028 1007 1071 1042 -,
1108 966 1167 1038 οὐκ
1189 967 1334 1050 ἐπιάσθη
1359 973 1394 1033 δὲ
1415 969 1437 1050 ἡ

312 1055 510 1148 παράδοσις.
544 1053 812 1142 Ἀρίσταρχος
830 1055 908 1143 χδρ
930 1052 1025 1118 doec
1046 1058 1119 1118 τοῦ
1139 1077 1162 1121 ι.
1184 1058 1272 1126 .Sed
1290 1061 1440 1130 e‘usdem

312 1148 375 1218 viri
401 1141 626 1222 recensionem
654 1167 721 1216 non
749 1145 869 1235 ubique
897 1154 1061 1226 servatam
1089 1167 1161 1212 esse
1188 1141 1273 1212 haec
1301 1085 1437 1216 docent:

236 1302 242 1324 ,
312 1235 417 1306 schol.
444 1234 484 1300 ad
507 1247 550 1320 φ’,
581 1242 659 1306 tot:
692 1229 850 1312 διελέγχει
877 1225 899 1305 ἡ
927 1223 1116 1315 παράδοσις
1141 1226 1201 1290 τὸν
1219 1225 1439 1318 Ἀρίσταρχον

312 1323 385 1410 (qui
406 1315 542 1405 ἁμαρτῇ
562 1317 680 1402 ,χωρὶς
695 1317 757 1380 τοῦ
772 1335 784 1376 ι
797 1311 943 1400 γράσονι
958 1356 1002 1366 -
1017 1317 1121 1384 schol.
1135 1317 1295 1407 Didymi),
1319 1314 1439 1400 ἔχουσα

313 1413 352 1470 τὸ
375 1425 397 1469 ι.
419 1447 463 1458 -
491 1405 594 1474 schol.
619 1405 660 1470 ad
682 1424 719 1486 w,
741 1413 823 1474 316:
848 1396 1060 1486 Ἀρίσταρχος
1080 1443 1124 1452 -
1144 1397 1284 1486 βαρύνει
1307 1410 1436 1489 (vocem

115 1546 120 1555 ,
237 1521 242 1526 ·
312 1471 474 1578 capietis).
511 1487 589 1554 ἀλλ’
613 1471 672 1561 οὖν
692 1510 735 1572 χε
757 1483 900 1564 ἐπείσθη
924 1484 1149 1568 ἡπαράδοσις
1168 1487 1240 1562 τοῖς
1254 1483 1436 1565 ὀξάνοοσιν.

311 1584 403 1651 ΑΙίοε
426 1583 518 1646 locos
540 1577 646 1646 sciens
667 1587 848 1728 praetereo.
877 1615 922 1626 -
965 1575 1038 1642 Tati
1060 1577 1160 1664 igitur
1180 1576 1306 1644 ratione
1329 1589 1438 1649 ortum

313 1668 482 1758 exemplar
509 1663 665 1752 Symnmc
690 1687 709 1730 ο
739 1661 877 1730 arbitror
902 1660 943 1728 ad
970 1671 1094 1742 manus]
1114 1661 1216 1730 luisse
1244 1689 1346 1753 quum
1368 1665 1436 1732 Ari·

311 1753 508 1838 stopharrem
530 1752 810 1839 interpretatatum
834 1749 927 1836 cujus
944 1747 1079 1837 quidem
1095 1749 1289 1840 exemplaris
1304 1775 1365 1818 nec
1381 1775 1436 1818 au-

312 1853 437 1912 etorem
455 1839 538 1906 scire
553 1836 727 1928 quisquam
742 1857 941 1924 magnopere
957 1833 1077 1923 cupiet,
1099 1858 1161 1901 nec
1176 1837 1318 1924 pretium
1334 1835 1434 1907 luisse

308 1928 468 2016 exiguum
489 1923 635 2014 putabit,
659 1923 697 2004 si
719 1921 798 1987 illud
825 1920 981 1986 addidero
1004 1925 1037 1986 in
1058 1920 1279 2011 Aristophane
1301 1947 1367 2012 quo
1392 1949 1434 1994 uc

309 2007 502 2097 παράδοσιν
532 2009 637 2079 videri
665 2009 860 2098 plerumque
888 2001 1077 2082 πεισθῆναι
1100 1998 1310 2093 Ἀριστάρχῳ.
1349 1947 1435 2080 'idue

312 2102 399 2168 enim
422 2107 460 2164 ut
480 2105 623 2166 statuam
644 2105 719 2161 tum
737 2092 873 2161 illustris
890 2104 924 2160 ct
938 2117 1043 2183 paene
1059 2093 1255 2161 incredibilis
1270 2095 1330 2161 viri
1346 2096 1434 2164 fama

311 2209 365 2256 me
388 2195 512 2264 movet,
534 2205 598 2273 qua
621 2205 720 2271 quam
742 2183 829 2267 juste
853 2177 985 2267 gavisus
1008 2181 1051 2246 sit
1064 2179 1220 2247 Lchrsius
1235 2197 1348 2272 'nuper
1364 2209 1435 2252 eru-

192 2313 196 2321 2
308 2274 379 2340 dite
405 2271 572 2362 probavit,
605 2278 676 2334 tum
696 2265 793 2367 ‘quod
816 2264 1015 2332 Heliodorus
1044 2265 1078 2332 iu
1106 2267 1294 2334 enarrandis
1322 2271 1435 2338 metris

307 2352 559 2448 Aristophaneis
580 2352 662 2422 ilem
676 2351 918 2418 Arrstarcheam
962 2361 1059 2418 oetae
1081 2351 1260 2419 editionem
1273 2357 1437 2443 sequutus
1559 2383 1560 2402 ι

311 2469 384 2514 esse
406 2443 548 2522 videtur,
568 2439 678 2529 quode
701 2437 783 2505 infra
801 2376 960 2529 dispulad

309 2534 354 2603 ita
383 2531 517 2596 demum
544 2523 762 2620 perspicimus
789 2523 846 2613 qui
869 2523 993 2590 lactum
1014 2524 1069 2602 sit,
1097 2535 1135 2590 ut
1155 2523 1436 2596 Aristarchearum

308 2616 490 2684 lectionum
505 2624 579 2681 tam
601 2635 674 2680 raro
696 2609 797 2676 hodie
819 2609 1023 2678 mentionem
1045 2610 1346 2699 saclamlegemus‚
1368 2639 1436 2682 non

308 2704 441 2792 saepius
463 2723 563 2792 quarn
579 2696 901 2784 Aristophanearum,
925 2706 959 2762 et
979 2695 1081 2764 rarius
1105 2697 1206 2764 ctiam
1223 2721 1322 2786 quam
1338 2699 1434 2767 Calli-

308 2789 410 2858 strati.
432 2827 477 2838 —-
509 2785 575 2854 Sed
598 2784 626 2852 si
648 2785 722 2872 quis
744 2782 899 2870 quaerit‚.
914 2805 973 2848 cur
997 2805 1064 2850 non
1087 2781 1195 2873 ipsum
1217 2777 1435 2866 παραδόσεως

308 2872 540 2958 sententie.
563 2871 669 2962 ipsam
688 2866 871 2935 Aristarchi
895 2868 1088 2950 editionem)
1111 2869 1348 2958 Symmachum
1372 2883 1433 2938 tra-

309 2971 415 3028 ctasse
435 2969 561 3050 putem,
584 2979 717 3022 causam
731 2977 841 3020 meam
859 2953 1014 3020 defendet
1028 2954 1132 3020 schol.
1149 2955 1228 3027 [tan.
1244 2965 1323 3029 968:
1343 2952 1434 3040 Ἀρί-

308 3063 451 3128 σταρχος
479 3041 515 3104 δὲ
545 3037 587 3114 ὥς
615 3036 842 3123 γεγραμμένον
864 3037 959 3122 Κῷος
984 3033 1165 3120 ἐξηγεῖται,
1185 3079 1229 3090 --
1257 3045 1344 3111 unde
1367 3047 1460 3116 duo,

307 3133 402 3200 nobis
426 3141 514 3200 recte
534 3127 870 3215 videmurcolligere,
890 3126 1033 3223 primum
1054 3127 1278 3194 Aristarchum
1300 3154 1364 3197 non
1380 3156 1433 3198 ex-

306 3221 445 3312 plicasse
468 3217 586 3295 solum,
609 3215 668 3282 sed
691 3213 790 3280 eliam
814 3211 983 3302 scripsisse
1006 3209 1103 3296 Κῷος
1123 3253 1168 3262 -
1189 3215 1246 3318 qui
1268 3216 1433 3284 enimes.

306 3307 463 3397 plicasset
484 3301 565 3369 illud
585 3299 647 3366 nisi
671 3300 767 3366 etiam
790 3299 1065 3388 scripsisseti—,
1087 3308 1162 3366 lum
1184 3301 1433 3389 Symmachum,

305 3415 406 3482 quem
436 3386 666 3479 suscripsisse
689 3385 828 3476 quilibet
849 3389 925 3474 jam-
943 3385 1104 3452 concedet
1131 3387 1247 3476 opinor
1275 3411 1342 3455 non
1364 3389 1434 3455 Ari-

304 3476 491 3546 starchcam
518 3475 609 3542 illam
631 3474 810 3540 lectionem
839 3470 872 3536 in
895 3494 955 3538 suo
985 3470 1149 3539 invenisse
1173 3482 1346 3545 contextu,
1374 3477 1432 3542 sed

305 3565 393 3654 quod
425 3561 526 3628 hodic
556 3560 727 3648 vulgatum
757 3566 810 3624 est
838 3567 871 3624 et
892 3557 1057 3646 Didymus
1081 3582 1213 3648 quoque
1244 3559 1290 3642 (in
1313 3561 1433 3630 eudem

305 3647 447 3727 scholio)
470 3646 593 3714 tenuit:
629 3642 734 3720 [stom
759 3667 828 3732 quo
851 3666 891 3734 ep
918 3654 988 3712 arel
1014 3643 1093 3710 satis
1120 3667 1189 3710 non
1215 3646 1376 3734 integram
1399 3659 1433 3715 et

302 3738 465 3806 sinceram
487 3729 669 3802 Aristarchi
691 3715 871 3799 edition'em
892 3668 1132 3820 dymmachum
1153 3753 1339 3822 usurpasse.
1356 3773 1400 3786 -

739 3939 747 3958 ·
813 3930 924 4024 §.aa
992 3909 995 3928 ‘

389 4077 525 4147 Praeter
545 4096 604 4142 eos
626 4081 739 4142 autem
761 4070 955 4162 scriptores,
976 4109 1020 4122 -
1043 4071 1157 4142 redeat
1178 4073 1267 4141 enim
1290 4072 1431 4163 disputa-

302 4166 361 4250 tio,
382 4163 471 4233 unde
494 4161 663 4256 paululum
687 4159 814 4224 deflexa
836 4167 955 4241 est-,
977 4180 1061 4248 quos
1085 4159 1193 4228 fontes
1207 4183 1304 4251 supra
1321 4159 1429 4252 appel-

300 4311 503 4328 ψ

373 4387 398 4450 l)
417 4383 461 4444 Gi.
473 4381 507 4438 ad
519 4403 544 4452 α,
559 4387 623 4447 1293
641 4377 666 4446 ri,
680 4381 744 4446 138;
761 4396 781 4440 ε,
792 4382 859 4444 9893
877 4378 975 4446 Milz
993 4376 1091 4445 t,tso;
1108 4397 1129 4448 ν,
1144 4385 1206 4446 103ς
1224 4385 1320 4447 ⁰‚3023
1333 4385 1431 4448 aruir

302 4474 332 4526 ν,
355 4459 414 4513 357.
458 4452 533 4510 Haec
554 4461 634 4527 atque
657 4468 688 4503 ee
703 4467 778 4531 ‘quae
795 4467 877 4524 supra
894 4449 976 4503 citeri
993 4463 1029 4530 ex
1046 4446 1193 4507 Herodiahi
1210 4450 1300 4528 copiis
1316 4449 1443 4506 lluxisse.

303 4545 380 4628 actuo
397 4531 459 4600 post
477 4519 586 4579 Lehrsii
603 4515 767 4580 laudabilem
787 4535 897 4593 operam
915 4513 1030 4589 negubrt

956 2439 1021 2503 itur
1037 2437 1152 2505 fusius.
1195 2439 1331 2507 Accedit
1346 2443 1435 2531 quod
1515 2456 1518 2465 “
1559 2435 1560 2514 i
