3258 5134
305 995 345 1032 'l'
390 970 407 1050 ,Ι
487 968 637 1030 1..le
740 933 920 1034 ...5⁸¹2
962 984 1015 1032 §.¹
1087 1020 1090 1028 .
1352 969 1427 1006 “⁸

303 1081 328 1115 ³
358 1089 484 1180 ⁸..lnter
510 1093 651 1200 insignia
679 1081 873 1186 ornamenti
901 1097 1033 1204 quibu's'f
1047 1087 1436 1205 immanuel'Belrlr'erns}

304 1196 492 1269 indefessae
520 1199 571 1267 vir
592 1196 787 1281 industriae,
819 1199 945 1272 litteras
966 1198 1223 1291 Aristophaueas
1251 1200 1343 1270 auxit
1366 1218 1437 1281 non

304 1281 425 1351 'ultimo
446 1285 521 1352 loco
543 1283 697 1356 habenda
718 1284 924 1377 subscriptio.
940 1287 1105 1376 quaedam
1127 1297 1298 1384 est‚..quap
1314 1284 1436 1372 ineius

304 1373 441 1438 demum
469 1361 721 1439 scholiastarum
751 1371 897 1444 editione
921 1370 1122 1463 comparuit,
1152 1373 1186 1440 in
1208 1377 1273 1441 {ine
1296 1373 1436 1440 scholio·

206 1529 214 1552 „
302 1482 378 1526 rum
400 1458 435 1523 in
457 1456 595 1524 Pacem:
627 1453 737 1540 ὑμὴν
757 1449 919 1553 iipe'vai'
943 1442 986 1544 ὦ]
1015 1450 1121 1532 οὕτως
1140 1452 1353 1539 Ἡλιόδωρος.
1382 1477 1437 1518 κε-

301 1539 465 1605 narratae
490 1541 574 1628 πρὸς
599 1541 644 1604 τὰ
661 1538 880 1627 Ἡλιοδώρου.
917 1541 1198 1631 παραγέγραπται
1222 1541 1258 1606 ἐκ
1286 1538 1437 1608 (Decimii

301 1627 360 1693 καὶ
382 1621 583 1712 Συμμᾶχουι
604 1671 648 1682 -
674 1631 797 1723 quippe
820 1631 884 1699 hac
905 1630 1050 1722 primum
1072 1633 1313 1734 subscriptione
1335 1631 1435 1699 lacul-

301 1729 353 1786 tas
381 1718 479 1796 data,¹
509 1716 550 1784 de
578 1716 831 1786 scholiastarum
852 1718 1166 1809 Aristophaneoium
1199 1721 1344 1786 lontibus
1367 1741 1434 1784 cer·
1492 1716 1498 1736 '

300 1803 379 1872 tiori
401 1802 528 1871 ratione
551 1803 771 1894 probabiliora
795 1806 971 1896 disputare,
994 1829 1093 1894 quam
1115 1829 1200 1896 quae
1223 1807 1265 1872 ad
1279 1806 1367 1873 hunc
1381 1827 1436 1890 uss

301 1914 367 1982 que
396 1890 485 1957 diem
511 1893 599 1980 jacta
628 1890 740 1981 potius
769 1903 847 1959 sunt
874 1901 1017 1972 temere,
1050 1915 1150 1981 quam
1172 1892 1224 1959 via
1248 1917 1286 1960 ac
1307 1892 1434 1962 ratione

301 1978 462 2068 exposita.
511 1978 599 2043 Sunt
627 1988 739 2044 autem
762 1975 819 2044 illa‘
846 1979 947 2046 verba
977 1977 1049 2044 sine
1072 1979 1174 2045 dubio
1197 1980 1237 2044 de
1263 1989 1434 2070 sumptae

301 2063 426 2131 Codice
442 2062 573 2130 Veneto
587 2069 662 2146 474,
685 2064 772 2131 unde
792 2063 975 2156 Vesperum
998 2074 1030 2131 et
1045 2063 1140 2133 Pacis
1162 2004 1286 2132 scholia
1301 2065 1433 2157 supple·
1471 2117 1478 2130 .

299 2149 389 2220 visse
416 2171 452 2218 se
473 2149 647 2216 Bekkems
673 2151 855 2218 memoriae
882 2151 1026 2242 prodidit
1044 2151 1082 2236 ¹).
1125 2151 1277 2251 quque
1302 2161 1433 2242 praeter
1514 2195 1516 2203 ·

300 2237 422 2304 librum
438 2237 666 2303 Ravennatem
686 2236 743 2304 ille
765 2236 800 2302 in
822 2238 958 2304 edendis
982 2239 1029 2302 eis
1055 2236 1189 2302 scholiis
1211 2238 1276 2302 isto
1344 2259 1432 2325 oque

300 2324 432 2392 Veneto
455 2321 570 2390 codice
593 2320 638 2388 ita
659 2345 740 2389 usus
763 2331 826 2404 est,
848 2334 886 2388 ut
907 2337 992 2412 quae
1012 2321 1090 2390 inde
1112 2323 1277 2414 supplevit
1290 2262 1432 2414 piliirima

300 2410 372 2478 sine
395 2408 518 2477 codicis
541 2418 619 2476 nota
642 2409 808 2498 adjecerit,
876 2433 934 2474 um
956 2431 1040 2497 quae
1056 2430 1106 2474 'eir
1127 2407 1318 2477 Ravennate
1341 2408 1433 2476 addi-

299 2497 349 2566 dit
369 2520 437 2563 non
458 2496 568 2562 minus
592 2495 713 2563 diserte
740 2496 823 2584 signi
838 2494 931 2562 icarit
946 2503 976 2580 ²)
1007 2519 1107 2584 quam
1130 2519 1185 2577 ea,
1217 2519 1301 2586 quae
1325 2519 1343 2563 e
1368 2495 1432 2562 Ve-

297 2592 378 2651 neto
409 2582 524 2648 codice
545 2589 610 2652 475
639 2582 858 2673 deprompsit3
891 2593 926 2649 et
947 2603 1160 2670 quamquam:
1177 2581 1211 2648 in
1228 2583 1346 2665 multis
1368 2581 1433 2650 Ra·

298 2689 424 2737 vennas
451 2691 529 2734 cum
551 2665 682 2733 Veneto
709 2667 898 2734 consentire
924 2668 1072 2750 videtur,
1106 2668 1139 2734 in
1167 2669 1289 2736 talibus
1317 2679 1431 2736 tamen

298 2755 468 2822 Veretum
495 2753 604 2821 solum
632 2753 783 2844 suspicor
805 2753 996 2820 Bekkerum
1021 2764 1173 2820 secutum
1199 2779 1272 2822 esse
1287 2755 1335 2840 ³),
1367 2778 1432 2824 nec

298 2841 527 2910 Ravennatem
556 2838 745 2906 adhibuisse
778 2839 841 2906 nisi
870 2839 954 2906 forte
985 2839 1026 2904 ad
1051 2841 1256 2937 lenotandam
1286 2843 1431 2930 aliquam

298 2930 462 2995 minorem
483 2924 636 2994 lectionis
667 2925 901 2993 diversitatem.
945 2925 991 2992 At
1013 2949 1052 2991 ex
1076 2927 1195 2994 eodem
1217 2927 1275 2994 illo
1299 2927 1430 2997 Veneto

297 3014 382 3083 libro
411 3013 539 3105 pridem
567 3009 683 3079 sirriilis
710 3013 876 3101 quaedam
903 3010 1103 3101 subscriptio
1130 3037 1206 3079 cum
1234 3013 1343 3081 doctis
1366 3014 1431 3082 luit

298 3101 541 3169 communicata
555 3122 572 3164 a
585 3097 781 3178 Villoisono‚
796 3097 984 3188 Prolegom.
998 3097 1032 3165 in
1045 3097 1177 3165 Homer.
1190 3100 1281 3167 Iliad.
1293 3126 1325 3191 p.
1338 3099 1431 3182 XIX,

296 3188 354 3254 ubi
388 3186 421 3252 in
451 3185 575 3252 codicis
603 3183 722 3250 Veneti
750 3193 816 3256 474
843 3183 922 3250 lolio
950 3185 995 3255 43
1026 3207 1063 3252 se
1090 3196 1229 3252 testatur
1262 3187 1428 3254 invenisse

296 3273 395 3342 haec:
418 3266 628 3332 κεκόλλισται
643 3265 679 3330 ἐκ
693 3268 755 3330 τοῦ
772 3264 992 3354 Ἡλιοδώρου.
1023 3267 1302 3355 παραγέγραπται
1318 3268 1352 3330 ἐκ
1366 3269 1430 3332 τοῦ

302 3353 452 3422 warrior}
473 3358 531 3418 καὶ
553 3353 740 3438 Σομμοὲχοο
762 3354 818 3416 καὶ
841 3352 954 3416 ἄλλων
974 3354 1085 3439 τινῶν,
1099 3397 1144 3408 -
1165 3381 1250 3458 quae
1273 3383 1291 3426 e
1311 3356 1428 3424 Villoi.

295 3447 369 3514 soni
403 3469 505 3538 opere
532 3445 632 3513 tacite
661 3439 803 3534 siimpsit
828 3443 1057 3521 Hermannus‚'
1086 3444 1229 3512 Praelat.
1258 3443 1428 3534 Aristoph.
1509 3481 1513 3488 .

295 3532 385 3600 nub.
408 3557 431 3622 p
468 3532 506 3597 X.
529 3529 607 3597 edit.
630 3529 695 3609 alt,
709 3531 849 3597 'servato
872 3529 971 3597 etiam
993 3530 1174 3626 scripturae
1197 3528 1296 3610 vitio;
1319 3553 1427 3630 neque

297 3621 387 3686 enim
410 3617 550 3683 dubitari
572 3639 672 3707 posse
695 3615 835 3694 videtur,
859 3616 937 3704 quin
960 3609 1358 3686 aeattirmarvitloisoni
1379 3639 1427 3682 in·

189 3750 192 3763 ·
295 3706 407 3774 curiae
431 3704 606 3786 debeatur,
634 3701 740 3792 qualis
762 3702 899 3794 absipso
924 3717 993 3770 non
1014 3701 1121 3770 aliena
1143 3700 1258 3788 δεμ),
1284 3701 1452 3770 scriben-¹

294 3856 502 3880 μι-ι--ι

365 3945 392 4012 1)
410 3939 527 3998 Belilier.
545 3936 634 3998 Praei.
652 3891 792 4062 Aristopb.

829 3976 837 3992 .
853 3935 915 3994 Vll.

807 3958 849 4074 il,
865 4012 926 4073 1168,
944 4009 994 4062 681
1012 4015 1064 4062 etc.

306 4084 308 4090 Ι
363 4013 392 4080 2)
412 4006 612 4095 Cf·.⁸⁰l⁰.¹·.⁸‘l
631 4007 694 4063 Pac.
710 4015 742 4064 21
788 4013 806 4061 2
1146 4073 1154 4089 ·
1191 4074 1197 4090 ¹
1234 4077 1241 4091 ·
1402 4073 1409 4089 ι

315 4099 320 4108 ·
362 4083 389 4139 dl
409 4078 441 4134 ld
459 4087 727 4160 imprimisnapparet
744 4075 862 4158 esphol.
885 4073 919 4129 ad
936 4074 998 4130 l‘ac.
1015 4077 1081 4144 277,
1108 4071 1155 4129 ubi
1177 4070 1425 4160 librissereiinitip

224 4185 231 4194 ·
292 4145 424 4204 ocliolioii
441 4149 546 4223 primus
564 4143 652 4202 edidit
668 4146 837 4200 lnrerniziuo
851 4141 928 4198 Tom.
941 4143 973 4198 ll.
990 4147 1072 4226 1'·.²⁵’
1091 4151 1286 4228 etaceuratmp
1298 4144 1423 4199 llindorl.

294 4214 510 4340 debendi}
531 4223 566 4338 t*
582 4209 1424 4338 ttttltlltttdttltttttlt't‘tlt-'Q

293 4349 468 4411 Venatum
486 4303 559 4408 istqud
576 4341 690 4406 fluxisse
708 4319 891 4404 certissimum
909 4349 953 4405 rit.
987 4346 1049 4406 Alia
1066 4299 1300 4404 ieienrpomiil'os

245 4457 265 4502 ρ
362 4423 392 4490 λ)
410 4417 573 4486 Praeterea,
594 4437 662 4494 quae
679 4417 790 4474 Baitios
807 4416 908 4493 passim
927 4419 1030 4472 monuit
1047 4415 1081 4472 ad
1094 4417 1207 4543 Gpp‘qpir.
1219 4411 1343 4473 Corinth.
1359 4411 1424 4470 vids

1128 4633 1133 4665 Ι

293 4489 378 4552 etiam
392 4486 545 4547 Bataua
555 4485 644 4544 Praei·
658 4484 745 4544 schol.
761 4483 840 4544 Hom.
851 4481 932 4542 liiid.
943 4505 970 4564 p.
981 4483 1029 4544 lv.
1045 4483 1116 4544 'rire
1192 4501 1237 4542 iim
1248 4482 1277 4540 in
1285 4482 1346 4540 Aer.
1356 4481 1424 4562 phil.
