3258 5134
780 219 787 260 t

258 306 428 394 xro·

1176 457 1185 482 Ι

295 492 500 582 obsequutus
523 501 585 574 est,
608 489 799 562 Dindorlios
821 503 933 562 autem
955 493 1055 560 etiam
1078 491 1202 561 scholia
1225 491 1341 561 Aldina
1365 519 1420 588 ap-

293 580 438 649 'ulicavit
495 581 576 648 lnde
603 583 752 682 augurari
780 581 874 664 licet,
907 589 1007 670 quam
1039 582 1105 648 anti
1131 583 1182 646 uis
1214 579 1419 674 temporibus

292 677 441 734 veterem
469 666 561 733 illum
589 667 738 734 ordinem
761 667 912 734 deserere
935 603 1264 759 coeperintqlibrarii,
1293 677 1419 734 utnon

187 776 190 790 ¹
292 755 361 844 jam
382 752 532 820 videatur
553 769 752 844 magnopere
766 754 955 834 verisimile,
979 754 1100 820 Aldum
1117 753 1268 822 codicum
1283 777 1419 821 suorum

236 867 239 878 “
293 840 442 906 ordinem
463 841 651 922 retinuisse3
684 840 744 906 sed
765 841 879 907 licebit
900 862 985 944 quae
1007 841 1161 906 Musurus
1183 840 1217 904 in
1238 839 1303 907 tine
1326 841 1419 907 scho-

291 926 412 992 liorum
433 927 468 991 in
490 925 579 992 Aves
601 925 729 994 monuit
746 928 790 1013 ι);
826 919 850 984 ά
873 923 915 1001 δη
938 921 1114 1009 σποράδην
1138 926 1172 984 ἐν
1198 922 1420 1012 ἀντιγράφοις

214 1007 217 1024 “
291 1005 427 1089 κείμενοι
447 1008 625 1096 διαφόροις
646 1014 702 1072 καὶ
719 1009 1005 1098 πεφυρμένος,
1030 1007 1235 1072 συνείλεκται
1255 1051 1299 1062 -
1323 1011 1417 1094 παρά
1474 1025 1479 1042 ·

292 1091 439 1179 Μάρκου
455 1094 670 1181 Μοοοούροο,
685 1135 729 1146 -
749 1099 783 1165 in
806 1123 881 1165 eurrr
922 1119 1031 1187 uoqne
1053 1122 1187 1165 sensum
1202 1097 1418 1190 interpretari,

291 1184 494 1274 singularum
515 1186 715 1263 fabularum,
743 1209 824 1275 quas
847 1123 978 1276 quidem
1002 1185 1133 1264 habuit,
1159 1185 1283 1252 scholia
1306 1186 1417 1252 omnia

290 1269 484 1338 Cretensem
507 1272 549 1337 ad
571 1297 647 1338 eum
669 1272 817 1338 ordinem
840 1293 1013 1338 revocasse
1032 1282 1065 1338 et
1082 1272 1131 1336 dis
1158 1271 1294 1351 osuisse‚
1316 1279 1417 1361 qbem

217 1411 220 1429 ι
264 1425 270 1447 Ι
289 1353 360 1448 ipsa
382 1356 454 1424 istis
477 1353 689 1442 προείρηται,
717 1348 922 1440 λεχθήσεται
944 1367 1005 1447 etc.
1029 1293 1233 1437 indicahant‚
1263 1358 1304 1424 ad
1326 1382 1416 1424 eum-

288 1465 356 1532 que
375 1443 463 1535 ipsas
486 1468 619 1536 quoque
642 1445 780 1526 fabulas,
804 1445 923 1521 omissa
947 1443 1101 1512 codicum
1123 1467 1258 1512 suorum
1277 1445 1415 1511 auctori-

287 1539 367 1611 tate,
391 1534 658 1598 accommodasse
674 1535 714 1613 ²).
736 1565 780 1578 -
813 1531 921 1597 Simul
936 1539 1048 1596 autem
1062 1530 1144 1597 illud
1160 1530 1266 1596 audeo
1282 1532 1324 1596 ob
1342 1553 1415 1596 ean-

288 1615 365 1682 dem
394 1639 525 1683 causam
548 1619 773 1708 pronuntiare,
806 1635 849 1684 nc
877 1616 1069 1684 scholiastes
1098 1615 1232 1705 quidem
1260 1617 1317 1705 qui
1340 1641 1415 1683 con-

287 1703 394 1770 textui
416 1703 717 1795 interpretationem
741 1703 919 1795 ascripsere
947 1703 1000 1769 vel
1023 1702 1268 1792 antiquissimos
1292 1702 1359 1769 suis
1378 1704 1414 1768 in
1441 1744 1449 1784 ι

185 1867 193 1876 .
285 1788 377 1855 libris
406 1788 571 1857 Servatum
595 1791 688 1856 illum
711 1789 859 1856 ordinem
882 1790 1063 1869 invenisse,
1084 1789 1288 1880 praesertim
1311 1811 1414 1878 qaum

286 1872 365 1942 huic
394 1876 539 1964 opinioni
567 1877 655 1943 idern
678 1877 733 1943 ille
757 1877 864 1942 codex
887 1878 1148 1943 Ravennas‘non
1170 1875 1245 1941 leve
1267 1897 1414 1942 momen-

287 1972 360 2027 tum
383 1961 529 2050 adjiciat3
553 1964 586 2029 in
609 1965 703 2052 cujus
726 1963 849 2029 codicis
871 1962 1017 2052 margine
1040 1985 1124 2050 quae
1147 1961 1299 2050 leguntur
1321 1961 1414 2028 scho-

285 2045 330 2114 lia
352 2073 369 2113 a
393 2050 449 2116 tali
472 2049 589 2141 scripta
614 2059 691 2115 sunt
714 2049 779 2114 anti
806 2072 848 2114 uo
871 2047 1094 2138 grammatico,
1116 2047 1173 2136 qui
1196 2047 1296 2113 alium
1314 2047 1412 2138 plane

190 2189 192 2198 .
286 2133 319 2200 in
349 2135 417 2202 suis
445 2133 533 2201 libris
560 2135 686 2202 invenit
713 2073 897 2202 fabularum
925 2135 1073 2202 ordinem
1101 2144 1202 2223 atquc
1230 2157 1331 2224 quem
1356 2145 1414 2201 aut

253 2233 254 2238 ’
285 2219 369 2287 liber
385 2221 556 2288 Ravennas
579 2232 636 2287 aut
658 2221 740 2288 alius
762 2223 926 2310 quispiam
949 2221 1054 2288 codex
1076 2219 1248 2308 hucusque
1263 2219 1412 2311 repertus

284 2300 463 2388 monstrat3
486 2309 529 2374 ita
553 2310 641 2374 enim
657 2307 804 2397 loquitur
819 2309 860 2372 ad
876 2306 1083 2408 'llbesmopb3
1098 2315 1168 2377 162.
1191 2329 1257 2406 qpo
1280 2307 1412 2406 saepius

212 2429 215 2440 ι
277 2416 351 2501 ¹pam
373 2395 425 2462 usi
447 2418 560 2460 sumus
583 2394 725 2462 scholio:
748 2393 804 2452 καὶ
825 2391 861 2452 ἐν
880 2411 925 2477 τῳ
939 2411 1004 2477 προ
1024 2410 1145 2452 τουτου
1161 2391 1318 2474 δράματι,
1341 2411 1414 2466 τοις

293 2475 425 2563 (lorice,
450 2475 648 2564 παρῴδητοιι
667 2478 706 2540 τὸ
728 2472 932 2566 (Ἀλκαίου),
949 2517 989 2526 -
1013 2479 1069 2537 καὶ
1089 2473 1125 2537 ἐν
1144 2473 1290 2562 Σφηξίν.
1326 2503 1412 2568 quae

283 2579 421 2670 apparet
436 2566 477 2632 ad
493 2567 566 2633 libri
579 2567 778 2637 Ravennatis
794 2567 941 2634 ordinem
957 2565 1070 2636 referri
1087 2587 1152 2630 non
1163 2581 1273 2656 posse,
1288 2569 1411 2657 quippe

283 2677 341 2744 qur
363 2677 431 2719 non
453 2650 560 2718 solum
579 2654 666 2742 Ares
684 2662 716 2719 et
734 2652 860 2742 Vespas
878 2663 953 2718 ante
972 2651 1328 2742 llresmophoriazrrsas
1346 2653 1410 2718 col-

282 2741 373 2808 locet
393 2741 453 2825 (ut,
470 2738 497 2804 si
514 2739 553 2804 ad
569 2739 688 2805 librum
706 2739 931 2805 Ravennatem
946 2763 1005 2804 sua
1021 2739 1302 2806 accommodasset
1316 2739 1409 2804 scho-

282 2826 393 2905 liasta,
427 2827 493 2892 Ves
520 2849 554 2891 as
584 2849 716 2917 quoque
745 2826 1108 2916 appellaredebuisset
1133 2821 1172 2883 τὸ
1199 2822 1263 2907 πρὸ
1289 2822 1409 2884 τούτου

254 2903 261 2926 ‘
284 2909 424 2994 δρᾶμα),
447 2849 873 3003 sedl'hesmophoriazusis
897 2909 1022 2994 Vespas
1045 2933 1144 3000 quarn
1165 2912 1251 3006 Ares
1273 2911 1424 3002 propius

283 2998 467 3074 admoveat,
481 3007 537 3063 lut·
553 2999 684 3087 Vespae
706 3001 838 3087 majore
854 2999 936 3064 adeo
958 2999 1029 3087 jure
1052 3021 1152 3089 quam
1175 3005 1261 3063 Aves
1283 2989 1322 3055 τό
1344 2993 1410 3078 πρὸ

281 3079 403 3144 τούτου
431 3081 545 3168 δρᾶμα
574 3085 788 3176 appellandae
816 3085 970 3162 luissent,
1004 3083 1033 3150 si
1060 3083 1182 3151 codicis
1211 3082 1408 3150 Ravennatis

201 3189 212 3203 ⁴
282 3149 615 3260 ordinem'sequutus
639 3181 728 3240 esset
750 3170 983 3260 grammaticus
998 3172 1040 3254 ³).
1084 3169 1213 3255 Quodsi
1234 3167 1288 3252 vel
1305 3169 1336 3232 in
1354 3191 1406 3235 co-

283 3257 356 3325 dice
384 3257 510 3342 aliquo,
546 3257 603 3347 qui
631 3269 791 3348 quantum
819 3257 953 3347 quidem
982 3258 1169 3346 conjectura
1201 3255 1408 3344 assequimur

280 3342 407 3410 Musuri
430 3342 598 3410 codicibus
613 3342 676 3410 fnit
697 3344 869 3432 antiquior,
893 3344 1135 3410 commentandi
1152 3341 1231 3409 ordo
1247 3365 1313 3408 non
1329 3365 1404 3408 con-

281 3431 383 3520 spirat
404 3453 482 3499 cum
504 3429 688 3522 fabularum
710 3431 837 3515 ordine,
859 3430 964 3498 multo
987 3429 1087 3498 etiarn
1107 3428 1217 3495 minus
1235 3427 1302 3498 veri
1316 3428 1405 3496 vide-

278 3581 482 3598 m

351 3669 376 3734 1)
398 3665 484 3742 Apud.
501 3665 628 3724 Diodori.
647 3665 731 3723 schol.
748 3666 840 3724 Aristo
859 3667 886 3724 h.
905 3663 996 3736 (Torn-
1012 3661 1051 3733 X)
1068 3685 1094 3743 p.
1112 3670 1171 3723 511.

347 3739 376 3804 2)
394 3736 505 3790 Interim
518 3739 613 3792 mirum
627 3745 676 3804 est,
696 3735 833 3792 Musarum
842 3687 940 3794 l'acem
953 3742 1015 3808 post
1025 3735 1099 3788 Aves
1111 3735 1267 3810 collocasse,
1278 3753 1332 3790 non
1344 3742 1405 3790 ants

280 3821 342 3869 eas,
368 3814 459 3860 contra
477 3804 609 3862 disertum
631 3806 658 3860 in
675 3803 759 3860 schol.
776 3807 827 3860 Αν.
844 3811 894 3864 857
911 3803 1107 3870 testimonium
1133 3823 1292 3881 quamquam
1311 3803 1361 3859 boc
1379 3804 1404 3858 si

278 3869 379 3944 fugisse
396 3875 492 3929 statuis
511 3873 651 3942 homiuem,
671 3877 757 3929 minus
775 3875 842 3928 mira
860 3880 908 3932 ista
927 3869 1064 3929 videbitur
1081 3870 1238 3942 collocati03
1257 3871 1402 3927 Kristcrum

201 3957 202 3966 ¹
280 3949 368 3996 autem
387 3944 410 3996 si
429 3963 482 3998 nou
500 3941 593 4009 latuit,
618 3945 729 3998 consilio
747 3941 858 3998 sortasse
878 3943 910 3999 ab
930 3941 1030 3997 Aldine
1048 3937 1141 3998 ordine
1160 3943 1287 3996 recedere
1305 3941 1404 4016 potuit.

348 4010 377 4074 3)
395 4010 454 4066 Non
472 4014 558 4086 potuit
576 4033 609 4067 ex
630 4011 792 4068 Ravennatis
810 4010 874 4067 lihri
892 4011 1004 4066 scholiis
1023 4007 1095 4064 alind
1108 4010 1221 4088 proferri
1239 4009 1401 4085 exemplum,

279 4087 334 4152 quo
352 4077 423 4152 quod
447 4079 522 4135 volui
542 4080 671 4157 probetur
693 4081 808 4148 clarius3
834 4083 886 4137 iste
909 4081 980 4134 enim
1001 4076 1088 4134 codex
1106 4088 1178 4134 caret
1195 4077 1252 4134 lero
1269 4076 1400 4150 ejusmodi

277 4148 522 4230 provocationibus.
561 4149 625 4204 lnde
643 4159 730 4204 tamen
748 4149 830 4205 nolim
847 4148 1005 4224 suspiceris,
1029 4145 1061 4218 ab
1079 4147 1273 4224 antiquioribus
1290 4145 1400 4201 scholiis

280 4233 308 4268 ιιι
330 4215 481 4270 universum
504 4235 563 4272 eam
583 4217 802 4282 cousuetudinem
824 4217 938 4272 alienam
960 4236 1032 4288 csse,
1059 4216 1316 4290 provocationemque
1339 4215 1400 4270 illas

277 4282 373 4338 deberi
392 4285 598 4351 recentioribus,
616 4318 651 4328 —-
676 4305 727 4362 qua
750 4288 854 4343 ratione
872 4296 927 4341 tota
951 4305 1008 4340 mea
1026 4287 1134 4341 caderet
1151 4284 1400 4356 argumentatio—3

276 4371 338 4408 narn
356 4361 384 4407 ct
398 4350 514 4408 Venetus
532 4354 617 4410 codex
635 4364 722 4410 servat
740 4354 956 4410 cousuetudinem
975 4364 1002 4410 et
1018 4357 1045 4412 iu
1060 4355 1210 4410 Rauennate
1229 4352 1299 4407 libro
1319 4351 1399 4404 balra-

277 4439 337 4474 mus
355 4439 434 4476 unum
452 4419 546 4478 saltem
565 4431 692 4500 quantm
708 4443 778 4480 nunc
814 4424 903 4480 uidem
922 4425 1031 4480 memini
1046 4424 1210 4499 exeo-plum,
1228 4419 1261 4476 ad
1274 4421 1337 4473 Pac.
1348 4423 1399 4474 973

277 4489 329 4557 (=
346 4487 423 4606 'Iloua
441 4489 466 4544 ΙΙ
489 4511 516 4568 p.
533 4495 566 4548 75
588 4491 765 4564 lavemizz.):
827 4493 949 4552 ιλάνθιος
964 4487 996 4558 ἦν
1012 4523 1045 4536 -
1067 4491 1215 4562 τραγῳδίας
1231 4487 1337 4554 ποιητὴς
1359 4485 1401 4546 ὥς

276 4575 354 4626 προε
378 4576 480 4627 piparas,
1313 4593 1315 4602 ·
