3258 5134
174 4571 185 4603 Ι

297 433 642 541 respici-hypothesin
664 445 968 539 aliquam'Nubium
983 453 1029 532 ²);
1052 459 1158 518 restat
1177 452 1287 544 igitur,
1309 459 1430 527 utnon

297 535 524 604 insolitame'
538 536 696 603 asmodi
718 535 987 626 provocationem
1009 535 1042 602 in
1065 540 1185 607 nostris
1208 564 1280 609 esse
1295 544 1429 614 scholiis

296 623 448 692 doceam.
496 559 668 690 llabernus
697 631 808 720 autom
834 621 943 688 simile
968 626 1158 715 exemplum
1186 627 1220 693 in
1242 629 1345 697 schol.
1367 633 1429 702 Av.

295 721 377 782 997:
409 703 622 772 musitata
644 703 866 791 Μονοσροπος
891 704 1028 794 lotroci
1050 705 1159 771 αὐτοῦ
1183 709 1356 798 Χαβρίου,
1385 712 1430 791 ὡς

297 793 430 878 εἴρηται
445 799 494 876 ἲ),
528 795 649 886 quihus
677 795 718 861 ad
740 793 940 886 hypothesin
962 794 1085 862 Avium
1106 797 1427 888 provocari'certn'm

295 893 363 964 est3
382 894 429 950 et
450 873 615 972 hodieque
637 881 767 948 isra-ibi
789 891 916 948 servata
939 885 1042 948 sunt'
1071 883 1137 950 Sed
1160 877 1299 957 similius
1324 891 1425 960 etiam

294 969 436 1038 alterum
459 980 510 1036 est
532 969 724 1060 exemplum
737 968 770 1033 in
786 965 913 1035 scholio
929 967 1054 1036 codicis
1068 969 1188 1038 Veneti
1202 973 1244 1038 ad
1261 975 1335 1042 Pae·
1350 985 1427 1060 252,

291 1055 479 1147 siquidem
501 1055 625 1122 mendo
647 1055 695 1122 ihi
717 1055 818 1122 libera
841 1056 903 1130 ista
926 1066 1019 1121 sunt:
1038 1051 1176 1118 ’θέὰσαι
1190 1050 1300 1119 ὅτι-
1314 1079 1428 1144 παρα-

291 1140 491 1226 τηρήσαμεν
507 1142 547 1202 tr
565 1138 654 1214 τοῖς
674 1137 937 1224 προλαβοῦσι
956 1137 1031 1215 τὴν
1050 1133 1263 1226 ἐξήγησιν,
1287 1146 1450 1226 ethnae,
1513 1197 1519 1210 .

291 1229 326 1296 iu
348 1229 486 1296 modurn
509 1222 730 1318 er'rplicanrla:¹
751 1225 810 1310 „in
833 1227 897 1309 eis,
919 1227 1041 1316 quibus
1060 1233 1251 1298 accuratiori
1268 1234 1426 1326 interpre-

291 1309 408 1382 tationi
429 1315 660 1406 praelusimus,
683 1313 726 1380 ad
748 1312 878 1380 fabulae
900 1315 1129 1382 oeconomiam
1146 1321 1377 1420 explicandam
1390 1321 1426 1388 in

290 1402 574 1483 universum‚“-—
595 1401 685 1492 quod
708 1421 787 1467 sane
810 1399 881 1467 fieri
903 1423 969 1466 non
1014 1402 1099 1468 otuit
1121 1404 1183 1471 nisi
1198 1427 1232 1472 ru
1248 1405 1424 1494 hypothesi

291 1484 412 1580 aliqua,
433 1513 520 1578 quae
544 1497 656 1555 tamen
677 1486 807 1578 plenior
829 1495 960 1581 oportet
983 1426 1092 1562 llrerit,
1116 1511 1216 1580 quam
1231 1495 1345 1584 quoles
1361 1495 1424 1562 'eae

289 1585 369 1642 suut
397 1574 546 1665 quaein
573 1576 710 1641 uostris*
727 1583 841 1640 extant
868 1574 1112 1664 exemplaribus
1127 1579 1176 1656 3)“.’
1191 1610 1233 1626 -—
1262 1581 1372 1666 =Quae
1395 1580 1423 1648 si

289 1684 368 1729 vera
391 1671 478 1738 sunt,
502 1665 593 1728 t'otus
617 1684 685 1751 quo
708 1659 838 1725 fabulae
859 1660 1084 1750 Aristophanis
1105 1664 1300 1754 superstites
1322 1667 1422 1757 expli·-

290 1759 396 1815 eatue‘
412 1748 478 1814 sint
508 1747 589 1814 ordo
617 1745 675 1814 tali
693 1746 808 1815 tabula
832 1744 971 1812 describi
994 1757 1123 1838 potest,
1156 1751 1188 1815 in
1211 1768 1276 1840 'qua
1299 1776 1423 1844 quase

287 1835 424 1990 regipne
444 1845 533 1902 stare
554 1834 618 1903 sibi
638 1833 729 1900 volui
751 1833 882 1900 fabulae
905 1831 947 1900 de
969 1834 1157 1930 principatu
1178 1837 1264 1906 inter
1285 1863 1322 1908 se
1344 1841 1424 1908 'eon-

288 1931 345 1990 ten
371 1931 448 1989 unt:
790 1947 830 1958 ¹·
1035 1943 1037 1950 ’
1414 1959 1419 1971 ·

328 2039 333 2052 f
382 2023 385 2032 ⁴
565 2071 568 2082 ,
642 2005 788 2074 Plutus:
809 2025 901 2056 ’--·-
944 2001 1095 2076 Nubes·
1236 2033 1244 2046 ⁸
1301 2015 1306 2030 '
1398 2059 1401 2075 .

548 2106 554 2116 ”
614 2109 643 2118 ”
736 2092 890 2158 Ranaer
1024 2123 1028 2136 ·
1107 2104 1277 2152 ’·τ.’
1344 2093 1396 2152 1·

733 2179 885 2246 Errites.

697 2266 784 2331 'Ao
811 2285 984 2335 arnensesr
1077 2261 1081 2314 ῗ

734 2349 876 2442 Vespae.
986 2391 1001 2402 ιι
1070 2433 1073 2440 Δ

888 2433 1176 2506 haeresianos:
1260 2457 1270 2464 ’·
1349 2467 1353 2478 ’

386 2537 387 2544 ’
437 2561 439 2570 ,
545 2474 626 2556 ΡΗ·
676 2518 806 2534 “”“’“““
858 2521 1092 2610 ὠψώνηκ’·

296 2643 314 2722 ἶ.
366 2611 369 2651 ;
527 2608 629 2678 ·'Aves
764 2625 768 2634 '
812 2609 1181 2781 y'ytEcolesiazusae).
1329 2633 1334 2672 ι,
1381 2635 1421 2671 ,··.

538 2653 783 2790 Thesmopho.
892 2693 1113 2796 (Lysistrata).

676 2973 679 3008 2
771 2903 826 3002 e·
857 2911 922 3008 ιιι,
996 2887 1014 2904 ”

354 3041 505 3110 Δνετιιῐη
520 3040 588 3108 duo
609 3041 681 3108 insu
710 3063 745 3107 er
763 3039 808 3107 (le
826 3040 898 3107 illo:
905 3040 1053 3115 indiculo
1070 3041 1234 3110 mouenda
1252 3041 1415 3110 videntur.

284 3128 434 3197 Primum
457 3127 546 3195 enim
567 3138 669 3194 tenen
693 3152 750 3194 um
772 3137 833 3207 est,
856 3139 1065 3196 enumeratas
1088 3129 1122 3195 iu
1139 3128 1258 3204 tabula.
1272 3152 1326 3196 eas
1344 3136 1415 3196 tau.

282 3216 503 3284 conlaturas
526 3236 600 3292 esse
622 3238 708 3304 quae
730 3224 922 3304 supersunt,
951 3239 1033 3304 quas
1056 3215 1211 3282 continua
1234 3238 1295 3283 nec
1317 3214 1413 3281 luter·

281 3313 380 3394 rupta
403 3298 583 3388 seriensese
607 3323 687 3384 exce
712 3299 777 3366 isse
796 3299 898 3366 nolim
913 3311 1027 3391 putes3
1050 3301 1152 3368 immo
1167 3298 1336 3392 probabile
1353 3311 1413 3382 est,

280 3389 493 3478 interpositas
520 3385 642 3456 his'in
669 3325 817 3478 pleniore
871 3410 946 3454 uam
973 3389 1105 3477 qualem
1135 3411 1224 3456 nunc
1248 3387 1413 3458 habemus

283 3475 480 3543 collectione
507 3472 618 3570 plures
650 3473 752 3540 fuisse
782 3411 910 3539 fabulas
937 3498 1022 3564 quae
1049 3473 1149 3541 hodie
1171 3473 1412 3556 desiderantum

328 3582 421 3628 arum
453 3569 565 3648 tamen
593 3558 687 3625 loeus
722 3560 907 3625 accuratius
939 3560 1075 3644 indicari
1103 3579 1195 3626 nunc·
1219 3559 1343 3649 nequit.
1370 3594 1412 3608 --

280 3585 413 3719 llhinde
432 3669 504 3720 non
527 3645 652 3717 celabo.
677 3667 750 3712 esse
773 3669 792 3711 a
815 3668 869 3714 me
891 3643 925 3712 in
941 3644 1142 3717 conficienda
1158 3643 1271 3732 tabula
1287 3646 1413 3736 aliquot

280 3734 401 3804 indicia
415 3732 514 3824 plane
529 3733 691 3821 neglecta,
710 3755 794 3816 quae
810 3730 838 3797 si
853 3733 947 3820 sequi
962 3731 1143 3803 voluissem
1156 3732 1293 3816 singula,
1312 3755 1414 3800 unam

281 3823 462 3889 alteramve
483 3819 630 3886 fabulam
651 3820 686 3885 in
708 3819 773 3884 alio
795 3817 987 3886 debuissem
1007 3819 1082 3886 loco
1105 3819 1282 3898 collocare,
1311 3840 1414 3909 quam

279 3931 348 4002 quo
369 3931 458 3978 nunc
479 3903 515 3974 iu
535 3904 648 3974 tabula
670 3914 879 4002 comparent3
902 3905 962 3978 sed
984 3929 1023 4000 ea
1045 3904 1166 3976 iudicia
1187 3905 1216 3974 si
1236 3907 1307 3997 jure
1322 3927 1341 3969 a
1356 3925 1412 3972 me

338 4107 379 4186 τ1)
397 4107 507 4166 Poterat
523 4106 560 4166 rle
575 4105 662 4173 schol.
680 4107 749 4164 Rau.
767 4113 833 4167 1298
851 4108 933 4166 etiam
949 4111 987 4166 ita
1005 4107 1094 4178 statui,
1111 4109 1320 4191 respexisse'lnt
1371 4127 1410 4164 re·

280 4188 338 4238 tem
356 4176 390 4235 ad
402 4179 620 4235 commentarium
633 4176 751 4252 aliquem
763 4178 790 4232 iu
804 4177 932 4252 Pelargos
947 4187 992 4235 sut
1003 4176 1123 4257 reliquas
1135 4179 1201 4244 duas
1213 4177 1326 4236 labulas.
1377 4175 1412 4234 erl

279 4245 353 4326 quod
370 4248 451 4322 posui
468 4245 578 4302 facilius
590 4245 747 4330 probatum„
756 4246 791 4300 iri
809 4254 882 4324 puto.

346 4319 375 4386 2)
393 4315 433 4372 lto
451 4317 522 4372 euim
540 4315 682 4370 verrssimo
701 4317 820 4371 correxit
836 4313 997 4382 hlotharius,
1015 4315 1127 4375 (tuaest.
1144 4315 1226 4372 Secu.
1238 4310 1259 4370 l.
1271 4334 1298 4388 p.
1310 4318 1344 4368 31¹
1355 4319 1409 4366 not.

347 4387 376 4454 3)
394 4385 514 4440 Fuerunt
529 4383 612 4456 igitur
630 4385 683 4456 jam
700 4383 818 4459 antiquis
836 4385 1004 4459 temporibus
1025 4383 1191 4464 hypotheses
1206 4401 1267 4438 cum
1279 4400 1410 4438 commen·

279 4454 355 4510 tariis
372 4451 578 4532 Aristophanem
595 4451 767 4526 conjunctam
785 4453 864 4516 item.
883 4453 954 4530 quod
973 4452 1062 4510 obiter
1078 4451 1161 4523 addo,
1181 4469 1353 4532 personarum
1370 4449 1409 4506 iu·

281 4521 381 4592 eliruli,
405 4520 432 4578 irl
451 4519 525 4597 quod
542 4517 640 4595 colligo
659 4541 694 4579 ex
711 4519 796 4579 schol.
814 4520 905 4596 Equit.
925 4527 938 4577 1
957 4530 1027 4581 extr.
