3258 5134
302 279 465 372 18Ι
630 307 633 316 ·
845 273 905 284 ’“
1160 271 1223 356 ι’

296 490 402 561 supra
430 458 643 548 monuimus‚·
669 467 699 554 §.
721 473 764 540 14
785 477 869 537 extr.
920 468 1181 560 Essetnedgitur
1201 469 1308 538 multo
1331 469 1431 538 etiam

302 557 414 645 magis¹
442 555 583 637 creduli,
602 554 645 638 „si
671 555 745 643 quis
771 555 834 622 sihi
862 556 962 622 vellet
990 558 1203 647 persuadere,
1235 558 1432 625 scholiastes

302 643 401 722 istos,
433 663 572 707 numero
626 641 713 707 lures
741 641 872 731 locique
901 653 934 708 ct
955 643 1115 733 temporis
1137 643 1237 732 longo
1259 643 1433 712 intervallo

304 729 504 816 disjunctos,
518 666 646 794 sabulis
663 727 929 818 Aristophaneus,
951 752 1035 817 quas
1058 730 1112 796 alii
1134 727 1198 796 ali'o
1221 731 1334 798 or'dine
1356 731 1433 796 scri-

301 826 376 920 ptas
393 813 606 900 invenerint,
640 813 684 879 ita
714 836 786 880 esse
814 815 1061 904 interpretatos,
1090 824 1131 886 ar
1152 817 1294 884 eundem
1317 825 1433 884 omnes

203 905 209 924 ““
301 925 342 980 pn
363 901 621 990 provocando
645 899 793 966 ordinem
816 911 1023 970 constantem
1046 904 1234 981 servarent?
1273 901 1346 969 Hoc
1360 925 1434 992 pen

225 1011 227 1016 ·
302 989 441 1058 suadeat
469 987 531 1052 sibi
559 987 615 1076 qui
642 985 781 1074 poterim
813 988 884 1077 ipse
912 1011 974 1054 nec
1002 985 1098 1057 hunc.
1117 990 1271 1057 morabor
1292 991 1433 1080 emplius

304 1071 368 1144 hec
386 1073 444 1175 qui
459 1073 548 1138 aliud
563 1073 943 1163 respiciuntrelugium,
971 1076 1044 1156 „ab
1065 1097 1161 1156 uno,
1183 1085 1270 1142 nona
1286 1074 1436 1166 pluribus

303 1160 492 1232 scholiastis
516 1159 614 1228 illum
643 1160 677 1226 in
701 1161 911 1250 provocando
935 1161 1084 1228 ordinem
1105 1162 1291 1252 profectum
1315 1164 1434 1243 esse;“

304 1259 363 1317 331
389 1267 459 1328 „ex
486 1268 556 1322 uno
582 1245 694 1335 aliquo
724 1247 856 1330 codice,
889 1247 924 1312 13
951 1269 1017 1336 333
1040 1248 1170 1316 fabulae
1198 1247 1435 1318 convenienter

304 1333 507 1413 scholiorum
530 1331 636 1397 ordini
658 1331 799 1421 scriptae
823 1332 957 1412 luerint,
979 1335 1087 1402 omnia
1111 1335 1235 1402 scholia
1250 1336 1434 1414 manasse‚‘l

305 1431 363 1488 aut
384 1419 413 1487 si
434 1418 514 1506 quid
543 1417 650 1485 simile
673 1418 875 1486 hariolantur
897 1419 969 1501 3111;
1005 1444 1066 1508 ego
1089 1420 1183 1489 novis
1206 1445 1260 1488 me
1282 1430 1364 1511 puto
1388 1443 1435 1485 ar·

185 1600 188 1608 1
215 1524 220 1528 “
305 1507 470 1598 gumentis
494 1505 746 1594 comprobasse,
768 1505 858 1592 quod
879 1527 976 1596 supra
1000 1509 1041 1595 (d.
1062 1513 1116 1587 12)
1140 1532 1182 1574 ex
1203 1506 1273 1574 sola
1296 1505 1434 1576 33113113,
1477 1577 1483 1594 Ι

305 1604 430 1660 starum
464 1591 708 1656 commentandi
740 1591 866 1657 ratione
895 1591 1109 1681 collegeram„
1143 1616 1211 1663 non
1240 1592 1435 1660 scholiastes

306 1701 379 1748 esse
408 1699 541 1757 revera,
573 1677 630 1828 qui
659 1677 699 1741 ad
723 1676 821 1744 aliam
843 1677 921 1746 alibi
942 1681 1147 1772 propositam
1168 1679 1434 1750 observationem

306 1765 476 1834 remittant
497 1761 578 1830 scho
593 1764 699 1830 iorum
720 1761 872 1831 lectores.
1372 1787 1376 1802 ·
1424 1773 1429 1782 '

818 1975 846 2054 1.
876 1981 926 2045 ro.
956 2039 958 2044 ,

393 2107 463 2178 Sed
478 2108 625 2201 nondum
639 2107 832 2198 navigamus
846 2109 1005 2200 inportu.
1048 2108 1123 2178 Jam
1138 2108 1227 2177 enim
1241 2108 1322 2177 illud
1338 2132 1434 2198 quae-

306 2195 399 2270 ritur,
421 2197 448 2263 si
471 2215 538 2263 non
559 2219 617 2262 sua
634 2200 727 2285 quasi
743 2197 926 2277 voluntate,
949 2197 1008 2262 sed
1022 2195 1189 2284 personati
1202 2196 1435 2266 tantummodo

307 2283 369 2350 ista
417 2282 564 2352 33333131
585 2282 796 2350 scholiastae:
832 2275 1045 2364 προείρηταί,
1066 2277 1203 2364 31ρηται
1224 2283 1278 2348 vel
1301 2278 1437 2362 εἴπομεν

306 2371 362 2436 vel
384 2307 572 2444 ἕεὸήλωται
587 2363 622 2427 ἐν
636 2367 707 2439 τοῖς
722 2365 786 2448 πρὸ
800 2367 871 2442 τοῦ,
893 2367 947 2436 vel
961 2361 1167 2449 λ3χθὴσεται
1180 2369 1214 2426 ὲν
1228 2369 1298 2440 τοῖς
1314 2362 1435 2454 daupu,-

308 2452 411 2532 σθεν,
440 2456 546 2521 33131
594 2479 634 2542 up
657 2454 720 2521 alia
744 2456 893 2546 ejusdem
916 2453 1044 2542 generis
1066 2479 1164 2544 supra
1187 2454 1372 2542 attigimus,
1393 2490 1436 2504 -υ

308 2541 382 2634 quis
404 2543 539 2609 tandem
560 2478 616 2609 ille
639 2542 752 2620 luerit,
780 2541 837 2632 qui
859 2537 947 2600 κατὰ
968 2536 1028 2602 τὸν
1046 2530 1296 2626 Ἀριστοφάνην
1311 2542 1341 2626 1)
1425 2579 1431 2587 -

354 2695 356 2699 ·
382 2657 614 2750 μιμησάμενος
635 2661 699 2743 τήν
721 2661 926 2749 Εὐρυκλέους
946 2662 1110 2748 μαντείαν
1131 2668 1188 2730 καὶ
1207 2667 1363 2731 διάνοιαν

384 2747 433 2828 εἰς
452 2747 633 2837 ἀλλοτρίας
653 2751 819 2837 γαστέρας
839 2750 995 2828 ἐνδύς-
1041 2779 1047 2801 ι

307 2885 374 2952 1313
397 2884 507 2951 omnia
531 2881 699 2973 scripserit
719 2892 757 2950 ut
778 2883 903 2973 primus
926 2893 960 2950 et
981 2907 1079 2952 verus
1101 2894 1225 2951 auctor.
1272 2884 1324 2950 Ad
1346 2881 1436 2974 quod

309 2972 510 3060 respondere
537 2981 572 3036 et
599 2973 710 3059 ipsum
739 2980 790 3037 est
817 2993 885 3036 non
906 2969 989 3052 levis
1012 2993 1064 3036 res
1087 2971 1227 3060 negotii3
1262 2971 1324 3038 etsi
1347 2969 1436 3038 enim

309 3059 377 3147 jam
403 3057 616 3148 inpromptu
645 3066 694 3121 331
716 3054 760 3122 113
785 3055 896 3134 effari,¹
925 3080 968 3122 err
988 3056 1245 3146 hypomnemate
1267 3056 1341 3136 illo,
1369 3078 1436 3144 333

308 3143 421 3235 plures
444 3167 567 3234 eosque
591 3142 743 3233 antiquos
766 3166 843 3208 usos
867 3142 988 3210 esseio
1004 3143 1199 3233 explicando
1215 3137 1437 3231 Aristophane

309 3229 503 3296 scholiastes
521 3229 669 3295 uidimus
692 3237 730 3294 ut
751 3229 849 3296 33133
873 3232 944 3317 ejus
966 3229 1094 3317 generis
1118 3230 1254 3307 auxilio,
1276 3229 1437 3315 1313333,

310 3339 375 3407 que
405 3340 481 3384 cum
509 3315 582 3381 aliis
610 3315 762 3395 fluxisse,
793 3315 937 3405 indeque
968 3317 1009 3381 ab
1040 3315 1278 3382 enarratoribus
1306 3313 1437 3394 nostris,

310 3402 401 3473 salva
422 3401 599 3469 verborum
621 3402 771 3480 formula,
794 3401 934 3491 ascripta
958 3425 1041 3484 esse,
1064 3412 1175 3469 tamen
1197 3404 1229 3468 13
1247 3397 1438 3471 ’33333133-

309 3488 356 3554 tia
384 3512 451 3555 333
479 3486 574 3554 133113
603 3489 779 3577 quisquam
808 3489 1009 3578 acquiescat,
1046 3488 1109 3554 nisi
1161 3489 1226 3554 rius
1255 3486 1357 3554 omni·
1374 3509 1436 3575 ope

311 3571 409 3642 aliam
443 3573 635 3665 opinionem
663 3574 864 3654 convellam,
897 3576 949 3640 cui
978 3573 1095 3640 itidem
1122 3513 1238 3664 aliquis
1266 3572 1438 3660 indulgere

310 3660 426 3752 possit.
481 3659 599 3750 Neque
634 3659 722 3726 enim
753 3659 866 3726 defore
900 3660 1036 3728 arbitror
1064 3660 1120 3749 qui
1148 3659 1193 3728 ita
1221 3659 1438 3750 suspieentur,

311 3753 376 3814 ista
399 3744 520 3834 omnia,
543 3746 844 3836 quae'plerumque
868 3770 1019 3834 magnam
1035 3746 1183 3837 aliquam
1202 3745 1370 3813 doctrinae
1386 3767 1439 3810 co·

311 3831 403 3924 piam
431 3831 583 3900 redolent
611 3855 688 3900 cum
717 3831 933 3922 dispensandi,
953 3834 1123 3900 voluntate
1152 3832 1278 3899 liberali
1306 3831 1440 3916 conjun-

313 3928 417 4001 ctam,
451 3919 641 3986 aseribenda
671 3941 744 3986 esse
777 3919 858 4009 ipsis
890 3917 954 3985 iltis
983 3919 1181 3986 doctissimis
1209 3917 1439 4008 grammaticis,

312 4029 455 4094 quorum
477 4004 698 4072 eruditionem
722 4014 756 4070 et
778 4006 902 4095 optima
925 4029 1075 4095 quaeque
1098 4029 1141 4072 ex
1157 4003 1345 4071 reconditae
1360 4025 1439 4070 suae

314 4091 479 4158 doetrinae
502 4092 657 4158 thesauro
680 4090 870 4182 proferendi
898 4090 1044 4156 studium
1071 4115 1137 4158 non
1159 4092 1256 4181 pauci
1278 4097 1440 4157 testantur

312 4179 347 4244 13
369 4175 459 4243 131333
483 4173 616 4244 scholiis
638 4177 703 4244 loci
728 4177 865 4264 egregii;
889 4177 1071 4266 despicient
1085 4177 1223 4243 fortasse
1240 4175 1336 4242 multi
1351 4176 1441 4265 igno-

259 4315 271 4322 3
312 4274 386 4332 tum
408 4261 579 4352 hucusque
602 4255 844 4341 ὑπομνήματος
865 4272 1034 4328 auctorem
1057 4287 1119 4330 nec
1138 4262 1358 4354 properabunt
1374 4283 1441 4326 ma-

314 4371 475 4440 gnopere,
509 4348 835 4420 31333331313313133
863 4347 1052 4442 multaeque
1081 4349 1233 4418 lectionis
1256 4347 1387 4416 laudem
1411 4344 1441 4412 ei

315 4477 520 4494 μ

383 4536 409 4602 l)
427 4517 566 4606 Aristoph.
583 4507 666 4612 Vesp.
678 4531 750 4593 ’1011
767 4553 825 4611 333.
840 4531 926 4594 Bell.
