3258 5134
1240 199 1291 298 oo

212 457 214 467 .
251 407 361 499 Atque
375 406 780 500 n‘on'propriemaliquam
795 417 831 476 et
844 406 866 474 d
889 405 1070 490 minatam,
1086 405 1144 476 sed
1159 405 1292 478 aliunde

168 504 375 590 apportatum
404 495 625 578 eruditionem
652 495 686 562 in
714 431 1291 592 Thesmolhoriarusarumouoqus

170 581 407 650 commentario
432 580 626 650 scholiastes
656 580 842 678 effundere,
875 580 1074 650 documento
1090 591 1179 678 nsunt
1206 603 1295 674 quae

169 668 279 737 versui
299 677 363 742 389
391 666 532 758 ascripta
560 677 651 734 suut:
689 661 870 810 gnwml]
891 684 1123 752 μεταφορικως
1144 660 1211 726 ἀπὸ
1232 683 1293 728 τον

168 749 307 836 σμήχειν
334 754 467 842 (corrig.
490 750 618 834 σμῆνῖ)
646 737 719 853 αἶαν
739 748 833 832 iusso

848 749 911 832 βαι.
956 751 1110 854 σφοδραν
1130 745 1196 856 γάρ
1217 769 1296 813 τινα
1376 763 1389 778 ”’
1491 755 1493 762 ’

167 841 288 926 τρῖψιν
308 839 367 900 καὶ
390 837 454 916 τὴν
473 835 596 920 σμῆξιν
624 855 745 900 ειναι.
789 835 878 920 τάχα
900 837 936 900 δὲ
958 839 1013 902 καὶ
1039 856 1102 914 την
1123 835 1295 918 σμωδιγγα
1419 826 1460 900 l*

168 924 373 1011 εἰρῆσθαι
394 920 462 991 ἀπὸ
476 919 608 989 τούτου.
644 913 810 1005 Διόδωροῤ
825 923 860 986 δὲ
876 926 953 1008 (hoc
969 926 1121 1006 addend.)
1137 919 1178 986 οὐ
1191 943 1295 1005 μετα-

168 1009 312 1098 ᾳορικὴν
343 1005 422 1074 ἀλλ’
452 1005 488 1086 ἐξ
515 1005 619 1084 ἔθους
643 1009 923 1092 γλωσσηματικὴν
952 1012 1009 1072 καὶ
1035 1010 1082 1094 μὴ
1102 994 1196 1082 Ιεἶναι
1212 1007 1295 1072 dru-

138 1143 143 1160 τ
166 1097 297 1186 τρίβειν
323 1093 413 1160 ἀλλὰ
430 1093 578 1160 ’τύπτειν
603 1089 626 1174 ἢ
649 1091 811 1199 σκώπτξιν
838 1091 881 1171 ὥς
910 1099 987 1183 (hoc
1010 1101 1050 1166 de
1066 1095 1294 1181 rmeaaddidi)
1329 1133 1333 1140 =
1380 1154 1385 1161 ,

41 1231 45 1238 ·
168 1177 210 1248 sd
232 1178 373 1268 σμώχειν
389 1186 429 1270 ¹).
474 1185 539 1254 Ubi
562 1184 714 1280 inlinitivi
736 1201 887 1252 etvao—-.
902 1177 1205 1268 eioriodaaindicio
1219 1195 1296 1256 sunt

169 1273 254 1348 alius
276 1272 384 1340 afferri
403 1272 611 1362 sententiam,
632 1293 699 1338 uon
721 1271 823 1363 ipsius
845 1271 904 1420 <gni
917 1271 1223 1372 haecconsiggrev'it
1244 1271 1296 1337 lit.

169 1358 266 1442 teris,
286 1360 385 1514 Elaos
407 1359 501 1426 utin
522 1357 753 1448 sequentibus:
777 1351 850 1438 [Διό
872 1377 957 1441 στρος
977 1399 1020 1410 -
1040 1356 1087 1439 μὴ
1110 1374 1210 1439 etrus,
1233 1355 1297 1424 nisi
1369 1405 1371 1418 ⁴

168 1444 258 1537 quod
311 1445 341 1512 ic
368 1444 516 1512 additum
544 1448 614 1534 ejus
643 1445 700 1534 qui
728 1443 825 1512 istam
852 1455 1070 1547 proposuerat
1096 1443 1296 1518 sententiam

168 1554 292 1600 nomen
319 1541 386 1614 este
418 1531 454 1600 id
480 1542 593 1598 autem
613 1549 718 1620 quum
740 1543 844 1620 snpra
869 1542 912 1598 srt
935 1534 1108 1611 omissum,
1142 1529 1318 1599 facillime·

169 1617 523 1726 qnidcmtsu'spicetur
548 1617 665 1706 aliquis
698 1616 904 1684 librariorum
930 1617 995 1686 boc
1021 1618 1146 1692 factum
1171 1615 1296 1686 incuria

170 1728 253 1776 esse.
295 1703 496 1794 Atprrmum
517 1711 555 1770 ut
575 1703 802 1794 incorruptum
825 1697 1006 1770 defendent
1020 1705 1132 1792 locum
1147 1702 1201 1770 alii
1216 1725 1296 1778 noo·
1392 1759 1395 1765 .
1506 1762 1510 1770 ,

168 1790 261 1871 nulli,
283 1791 403 1880 quibus
425 1790 507 1857 item
527 1789 721 1882 simpliciter
741 1788 871 1880 positus
895 1801 945 1856 est
966 1789 1156 1874 inimitivus,
1179 1789 1295 1880 quales
1418 1839 1426 1862 t

168 1877 391 1968 producemus
408 1876 490 1964 iufra
500 1929 504 1940 .
514 1873 542 1962 ᾧ.
557 1883 616 1959 333
639 1875 757 1946 deinde
773 1875 984 1946 etiamsinon
1000 1877 1161 1955 adessent,
1184 1885 1296 1952 temen

170 1986 212 2030 ne
234 1962 283 2030 sic
303 1962 438 2134 absidem
462 1962 604 2028 dicerem
627 1962 668 2028 ad
691 1985 763 2030 eam
787 1965 1205 2054 conjecturamsuppeters
1222 1985 1296 2032 cau·

171 2071 252 2118 sam.
303 2061 306 2068 ⁴
341 2048 408 2115 uod
434 2046 523 2115 enim
548 2046 652 2112 nostri
678 2044 967 2134 homiueslsolent
988 2049 1096 2116 lacere
1118 2088 1162 2098 ——
1187 2069 1296 2136 neque

170 2133 258 2208 enim
279 2157 333 2206 mc
355 2134 463 2208 solum
483 2156 524 2200 sa
547 2133 596 2198 uti
618 2132 857 2208 consuetudins
878 2133 984 2202 solere
1007 2135 1160 2213 arbitror,
1183 2173 1226 2182 -
1248 2143 1295 2214 ut,

167 2221 320 2309 siquem
346 2218 380 2288 in
404 2219 547 2312 privatos
573 2241 653 2286 usus
676 2229 861 2309 excerpunt
881 2218 1019 2300 librum,
1046 2244 1111 2286 nou
1133 2220 1168 2285 in
1190 2221 1297 2308 cujus-

169 2330 236 2396 que
258 2315 433 2398 excerptae
459 2303 697 2375 observationis
719 2304 827 2372 fronte
851 2315 976 2396 ponant
998 2305 1141 2374 auctoris
1163 2329 1295 2384 nomen,

169 2393 231 2464 sed
251 2392 429 2462 indirectas
451 2391 607 2460 orationis
629 2413 693 2458 usu
715 2391 900 2480 significent
916 2391 1062 2481 ciusdem
1081 2389 1141 2456 has
1162 2413 1296 2480 quoque
1395 2459 1397 2464 ,

172 2501 245 2546 esse
268 2477 523 2558 observationes,
547 2479 641 2566 cujus
663 2500 700 2542 se
723 2485 937 2568 excerpturos
957 2500 1030 2544 esse
1051 2475 1171 2542 librum
1193 2477 1298 2544 semel

172 2563 389 2633 indicaverint
415 2564 449 2630 in
476 2561 577 2630 totius
606 2562 714 2653 operis
739 2561 851 2644 initio,
871 2597 915 2610 -
947 2563 1080 2642 idemne
1107 2560 1297 2630 incredibile

170 2658 226 2720 est
250 2649 443 2718 scholiastae
471 2671 606 2738 graecos
635 2648 771 2734 fecisse,
804 2648 861 2751 qui
883 2651 1081 2740 praesertim·
1097 2650 1132 2714 in
1155 2648 1296 2722 scholio-

168 2759 244 2804 rum
266 2737 329 2803 fine
351 2735 471 2804 horum
492 2733 644 2802 solebant
665 2735 792 2802 fontem
814 2735 980 2804 radicare?
1023 2735 1112 2824 Ergo
1129 2733 1169 2800 in
1192 2733 1296 2802 schol.

169 2819 375 2914 Thesmoph.
389 2829 454 2894 389
476 2845 619 2912 quoque,
642 2832 680 2888 ot
701 2821 734 2886 io
756 2821 838 2888 locis
860 2821 888 2908 ᾧ.
903 2830 947 2894 33
966 2821 1214 2896 enumerandis,
1237 2845 1297 2912 pu·
1375 2829 1386 2846 ⁸

168 2908 411 2999 labimusejns
439 2909 536 2978 allata
564 2906 663 2974 verba
690 2931 782 2990 esse,
815 2910 909 2998 eujus
937 2909 1060 2997 ubique
1083 2908 1151 2974 fere
1179 2907 1296 2976 afferre

169 2993 368 3064 scholiastae
389 2995 550 3071 solebant,
563 2993 593 3060 ·i.
608 3017 637 3060 e.
661 2993 785 3063 scholia
809 2993 850 3060 ad
873 2993 1231 3084 'shesmophoriazusas
1254 3016 1297 3061 ex

168 3083 295 3171 majore
321 3103 419 3172 opere
443 3089 596 3171 excerpta
620 3104 638 3146 a
660 3079 846 3148 scholiastis
868 3079 980 3147 fuisse.
1002 3117 1046 3144 -.
1088 3079 1162 3146 Sed*
1179 3079 1297 3148 cadem

169 3165 253 3234 haec
281 3191 345 3256 qua
373 3165 571 3234 infinitivum
603 3165 638 3233 in
666 3165 769 3232 schol.
798 3165 837 3230 ad
866 3173 931 3238 389
957 3167 1058 3234 modo
1088 3165 1296 3232 defendimus

168 3252 357 3320 observatio
384 3275 402 3316 a
430 3251 552 3322 nostris
584 3251 731 3318 moribus
763 3252 904 3341 repetita
961 3263 1047 3321 otest
1081 3249 1220 3318 sortasse
1254 3249 1296 3318 ad

81 3401 84 3410 .
170 3338 273 3407 alium
298 3361 432 3490 quodue
459 3336 494 3404 iu
521 3335 568 3404 eis
596 3336 728 3404 scholiis
754 3339 867 3404 locum
894 3277 995 3420 trahi,
1027 3338 1104 3406 licet
1125 3336 1297 3483 {aulolum
1406 3315 1427 3344 '⁹

170 3423 360 3508 immutata3
395 3422 502 3511 egitur
521 3422 551 3488 is
574 3423 614 3488 ad
636 3448 667 3490 v.
682 3431 756 3502 840,
778 3424 890 3512 itaque
912 3424 1029 3490 habet:
1058 3420 1122 3482 πολ
1147 3416 1220 3502 ἄνις
1241 3439 1298 3482 ει·

170 3526 260 3596 uar,
281 3499 335 3572 ὅτι
355 3502 541 3596 eportantes
561 3501 726 3591 ὁμηρικῶς
747 3505 784 3570 ἐν
804 3506 956 3595 raptanda
974 3503 1150 3587 Πολύβιον
1171 3527 1299 3593 προτα-

170 3587 339 3682 zeumate
359 3589 380 3672 ἡ
400 3587 605 3674 Ὑπερβόλου
625 3589 746 3677 μήτηρ.
779 3590 840 3658 οὐκ
863 3589 976 3680 ἔχομεν
998 3593 1033 3656 δὲ
1055 3589 1170 3657 εἰπεῖν.
1210 3583 1242 3657 εἰ
1262 3589 1298 3654 δὲ

169 3678 234 3764 χρὴ
256 3678 464 3742 τὰτοιαῦτα
487 3679 613 3764 ζητεῖν,
636 3677 837 3758 ζητείτωσαν
858 3681 915 3744 καὶ
935 3679 998 3756 τὴν
1020 3677 1110 3759 ἑξῆς,
1133 3677 1196 3757 τὴν
1215 3678 1298 3742 Λα-

172 3757 291 3848 μάχου.
327 3764 391 3829 τὸν
410 3762 475 3852 γὰρ
497 3763 628 3854 πατέρα
649 3763 754 3850 μόνον
774 3751 853 3829 οἶδα
873 3763 1056 3851 Λαμάχου,
1081 3757 1298 3853 Ξενόφαντον

174 3853 286 3936 (scrib.
305 3844 517 3940 Ξενοφάνην)
532 3855 581 3935 ²),
600 3894 645 3905 -—
665 3856 722 3922 uhi
745 3856 824 3921 olim
845 3855 928 3922 nihil
950 3854 1143 3924 mutandum
1166 3852 1298 3920 arbitra-

174 3937 242 4020 bar,
257 3952 386 4030 praeter
399 3933 573 4024 ὁμηρικῶς,
591 3942 643 4008 cui
659 3941 928 4008 substituendum
943 3934 960 4002 ὁ
976 3935 1182 4021 ὁμηρικός“(ἰ.
1196 3963 1223 4006 e.
1240 3938 1298 4008 Se·

86 4109 88 4112 Ι
167 4023 300 4108 leucus,
322 4025 363 4094 de
385 4050 452 4117 quo
473 4027 515 4096 cl.
535 4027 621 4096 infra
642 4026 753 4115 Ml),
776 4038 884 4099 cetera
907 4037 1020 4096 autem
1041 4026 1198 4124 putabam
1217 4049 1298 4094 sana

856 4139 880 4192 d

240 4261 269 4330 1)
293 4243 396 4318 Eadem
419 4262 558 4340 corruptio
581 4281 595 4318 a
616 4261 652 4320 ud
676 4263 750 4322 Soid.
774 4283 797 4320 s.
821 4263 924 4332 ἔτίσμη.
967 4262 1096 4322 Ceterum
1118 4261 1153 4322 de
1175 4265 1226 4326 ista
1247 4265 1297 4316 τοῦ

342 4329 493 4455 migratione
510 4329 564 4386 vid.
609 4351 663 4388 cnr·
682 4332 776 4410 Steph.
793 4331 864 4389 thes.
891 4317 1005 4393 bordin.
1022 4353 1043 4388 s.
1060 4353 1087 4390 v,

173 4341 343 4545 {legllid
386 4401 441 4458 nim
452 4397 539 4457 schol.
547 4398 663 4458 Acheru.
674 4405 726 4459 258
737 4410 766 4458 et
775 4398 898 4475 Thucyd·
906 4407 933 4472 b,
941 4405 968 4458 8.
985 4400 1029 4460 (li.
1037 4399 1136 4476 Bergk.
1147 4399 1300 4459 Commeat.
