3258 5134
359 296 419 416 ao¹

309 501 313 526 ¹
360 481 511 572 quiorurn
531 477 665 549 illorum
685 478 901 570 interpretum
923 475 1107 550 sentcntiae
1126 476 1174 546 ita
1195 467 1320 568 tibique
1337 485 1416 546 sunt
1427 499 1485 568 po·

361 571 454 648 sitas,
476 577 515 638 ut
537 565 748 658 epitomantis
770 589 905 632 manum
927 564 1107 645 redoleant,
1128 588 1302 648 nonaum,
1323 564 1485 653 quiquie·

361 655 441 744 quid
473 653 598 742 invenit
631 652 759 720 curiosa
791 651 966 718 sedulitate
998 672 1129 720 servare
1161 653 1274 718 studet
1304 651 1485 740 integrum·;

361 741 449 831 quod
476 750 706 828 argumentum
727 737 861 806 tametsi
884 737 931 804 ita
954 737 1141 826 extorqueri
1164 737 1245 804 mihi
1268 737 1310 806 de
1333 737 1486 804 manibus

384 851 458 897 osse
481 827 589 908 video,
612 835 649 892 ut
669 834 828 892 nontam
849 817 1151 905 &convocarant
1172 823 1375 913 illiusquam
1392 822 1486 890 scho-

359 851 544 994 liastarum,
578 912 635 1001 qui
658 910 894 979 commentario
921 911 1094 1000 integris
1123 921 1272 981 veterum
1322 908 1486 978 commati-

360 1023 477 1070 corum
504 996 788 1066 observationibus
817 997 937 1064 r‘elerto
958 997 1011 1064 usi
1031 995 1113 1077 sint,
1146 1003 1263 1064 manirs
1285 934 1358 1063 illas
1381 994 1485 1086 epito-

361 1097 490 1155 mantes
519 1091 697 1174 agnoscere
725 1107 798 1150 sese
826 1082 913 1150 dicat
934 1083 1113 1172 quispiam,
1135 1121 1179 1132 ·--
1203 1092 1318 1172 tamen
1340 1105 1408 1150 non
1430 1082 1487 1148 dn-

309 1181 313 1194 '
360 1173 430 1240 bito
458 1169 538 1261 quin
561 1193 693 1237 mecum
720 1169 868 1260 plerique
897 1191 1005 1236 meam
1032 1170 1193 1239 rationem
1220 1168 1382 1236 veriorem
1404 1167 1486 1233 arbi·

359 1267 503 1326 trentur:
530 1257 652 1348 quippe
675 1256 910 1345 quamplures
933 1255 1003 1322 sine
1026 1255 1125 1321 dubio
1148 1255 1345 1323 scholiastae
1367 1255 1486 1321 eodem

361 1344 598 1416 commentario
627 1351 812 1421 uterentur,
845 1342 967 1408 mirum
992 1351 1082 1410 esset
1109 1341 1150 1407 ad
1173 1363 1276 1408 unum
1305 1365 1419 1408 omnes
1442 1341 1488 1408 itu

361 1431 455 1585 quasi
479 1429 684 1519 conspirasse
708 1428 749 1493 ad
771 1427 945 1495 delendam
968 1427 1138 1496 clariorem
1153 1451 1287 1496 omnem
1303 1427 1487 1494 uberrimae

385 1517 529 1586 ustrinae
551 1516 685 1584 laudem
708 1538 822 1582 eorum
846 1515 1149 1604 grammaticorum,
1175 1537 1260 1603 quos
1283 1525 1316 1583 et
1338 1515 1399 1605 ipsi
1421 1537 1488 1580 ma-
1590 1574 1594 1581 .

364 1606 420 1694 gni
449 1603 623 1670 aestimare
651 1600 847 1682 didicerant,
884 1611 922 1668 ut
950 1624 1048 1668 nemo
1075 1624 1216 1692 usquam
1248 1601 1350 1668 talem
1377 1600 1487 1670 locrnn

360 1693 528 1778 integrum
550 1688 735 1776 relinquere
757 1686 933 1768 voluisset,
955 1709 1086 1775 quo—
1106 1688 1197 1775 quod
1217 1705 1273 1755 s'ae
1299 1687 1424 1765 issime,
1447 1693 1488 1755 ut

322 1789 326 1796 '
355 1778 397 1857 ,in
419 1772 655 1864 Aristophane,
678 1773 806 1859 factum
829 1795 901 1840 esse
919 1773 1011 1844 ultro
1034 1783 1184 1863 apparet,
1205 1813 1249 1848 -.·-
1270 1712 1398 1862 ldrgum
1420 1783 1488 1840 stu·

362 1863 492 1937 diorum
519 1884 654 1936 suorum
683 1860 827 1928 fructum
856 1859 1022 1926 demetere
1050 1859 1221 1948 oculisque
1250 1883 1291 1928 ex
1317 1872 1416 1926 onere
1444 1859 1487 1944 ob

361 1973 472 2018 rerum
500 1946 742 2014 tractandarum
765 1945 994 2018 difficultatem
1017 1945 1228 2034 cogebantur.
1278 1885 1488 2036 (luamqnam

332 2059 491 2124 *negare*
510 2031 642 2102 interim
669 2055 711 2100 ue
734 2031 805 2121 ipse
827 2031 962 2132 quidem
990 2032 1113 2111 ausim,
1146 2032 1346 2100 recentiores
1371 2035 1489 2100 saltem

362 2121 556 2190 scholiastes
578 2116 755 2205 singulis
779 2117 1021 2207 qurb'usdam
1042 2117 1147 2186 locis
1170 2141 1225 2199 ea,
1255 2137 1340 2210 quae
1361 2117 1396 2184 in
1419 2120 1497 2184 bre-x

361 2209 436 2276 vius
458 2215 624 2273 contracta
647 2227 690 2270 ex
710 2202 971 2293 hypomnemate
994 2203 1196 2295 acceperint,
1219 2216 1253 2272 et
1273 2208 1365 2298 ipsos
1380 2205 1488 2274 denuo

362 2304 556 2363 coarctasse.
717 2303 721 2310 '
958 2321 961 2330 ¹
1399 2313 1410 2330 ·

448 2378 524 2446 Sed
538 2376 615 2466 quid
639 2399 701 2465 ego
724 2375 893 2467 captandis
917 2335 1001 2464 quae
1023 2376 1209 2467 probabiles
1224 2373 1399 2444 videantur
1414 2399 1487 2444 con-

247 2481 252 2494 '
362 2467 497 2558 jecturis
519 2464 657 2554 probare
681 2463 813 2540 studeo,
827 2463 1171 2562 ⁸lr'ypomnematistam
1191 2464 1390 2554 epitomasse
1404 2464 1487 2568 prio-

360 2577 436 2620 rum
456 2553 673 2651 interpretum
695 2558 890 2624 sententrer,
918 2572 1022 2636 quum
1043 2549 1132 2616 idem
1154 2569 1221 2616 non
1245 2551 1383 2619 obscure
1405 2551 1487 2618 rndi-

363 2648 440 2708 cent
461 2637 523 2728 ipsi
545 2635 594 2702 alli
615 2628 856 2713 ὑπομνήματος
876 2635 959 2716 loci,
991 2659 1075 2725 quos
1104 2636 1132 2722 b.
1156 2644 1177 2706 5
1206 2638 1488 2726 pertractavimus,

361 2725 482 2815 quibus
505 2725 576 2814 jure
599 2721 674 2791 addi
696 2720 730 2786 in
752 2720 892 2788 eandem
913 2745 984 2788 rem
1005 2721 1142 2811 sebol.l
1164 2723 1205 2790 ad
1221 2722 1307 2790 Plut.
1325 2732 1407 2795 1037
1430 2746 1486 2815 po-

362 2813 456 2890 terit,
484 2809 571 2876 unde
593 2807 737 2898 primum
758 2806 902 2897 profecti
920 2829 1045 2876 sumus.
1092 2808 1180 2876 Nam
1198 2831 1284 2898 quae
1306 2809 1354 2876 ibi
1376 2819 1490 2882 erstem

364 2897 448 2966 duae
471 2894 616 2986 priorum
636 2893 853 2985 interpretum
875 2892 1172 2986 interpretationes,
1194 2895 1269 2983 quis
1292 2919 1347 2962 eas
1369 2919 1488 2987 propo-

360 2983 443 3050 sitas
472 3005 489 3048 a
513 2979 732 3070 grammaticis
760 2978 828 3046 anti
876 2981 903 3047 's
924 2991 1020 3071 putet
1046 2981 1118 3048 sine
1146 2979 1255 3072 aliquo
1278 3005 1344 3048 non
1367 2982 1486 3070 exiguo

364 3065 531 3140 doetrinae
559 3077 731 3157 apparatu,
765 3066 807 3158 ad
829 3002 1025 3136 limandae}
1052 3069 1250 3136 sententiam
1278 3091 1320 3136 ex
1347 3069 1488 3136 occultis

363 3153 501 3235 sortasse
525 3153 657 3228 latebris
680 3153 862 3220 accersito?

451 3239 613 3326 Quocirca
636 3238 702 3305 tale
724 3239 819 3308 nobis
840 3239 963 3326 fingere
989 3229 1175 3320 ὑπόμνημα
1197 3239 1359 3330 cogimur,
1388 3239 1485 3329 quale

365 3328 468 3394 altero
486 3327 560 3394 loco
577 3325 750 3416 descripsi:
773 3326 863 3416 quod
885 3323 1123 3408 difficilioribus
1138 3337 1267 3394 tantum
1288 3328 1323 3393 in
1337 3328 1420 3394 locis
1434 3351 1487 3393 su·

363 3411 537 3505 pariorumx
557 3411 774 3503 interpretum
799 3411 901 3479 libros
927 3413 1114 3479 consuleret
1139 3414 1355 3503 inventasque
1378 3437 1486 3488 eara-

364 3501 457 3598 tieqe
478 3499 764 3590 interpretationes
785 3497 897 3588 plures
918 3520 997 3566 non
1023 3501 1176 3591 apposnit
1196 3501 1402 3587 integras,
1423 3497 1486 3566 nisi

364 3585 450 3654 {crte
472 3597 618 3674 perraro,
641 3583 756 3652 sedin
777 3585 913 3652 brevem
934 3608 1096 3652 summam
1118 3597 1313 3666 contractas,
1335 3591 1397 3653 nec
1417 3594 1487 3652 tarn

365 3694 437 3764 quo
446 3670 546 3738 modo
565 3670 727 3760 quibusve
741 3670 849 3738 verbis
868 3671 1011 3762 quidque
1030 3673 1216 3763 expositum
1233 3683 1321 3743 esset
1338 3672 1486 3753 curabat,

412 3781 464 3825 arn
485 3757 520 3824 in
535 3779 635 3846 quent
650 3780 784 3827 sensum
799 3757 1163 3849 quidqueeasplicatum
1177 3770 1273 3828 esset.
1314 3757 1390 3826 Jam
1405 3781 1487 3826 vero

365 3781 469 3910 idea
493 3844 692 3934 excerpendi
714 3843 838 3911 ratione
860 3844 1070 3912 manileslnm
1094 3855 1147 3912 est
1161 3843 1346 3924 abhorrere,
1368 3845 1486 3936 siquis

366 3953 384 3996 e
405 3929 495 3997 libris
517 3953 601 4020 quos
625 3930 771 4020 excerpit
797 3931 880 3998 tales
902 3933 993 3998 locos
1021 3931 1143 4020 ubique
1165 3932 1251 3998 velit
1266 3932 1411 4032 integros
1431 3932 1486 3998 de·

256 4031 263 4048 ’
365 4015 507 4083 scribere
523 4018 640 4106 quibus
657 4017 679 4086 ii
693 4027 835 4106 quornm
857 4018 1004 4107 excerpit
1023 4016 1123 4083 libros
1144 4017 1392 4086 observationes
1408 4016 1486 4084 alibi

365 4103 551 4193 propositas
574 4104 616 4173 ad
638 4105 833 4194 explendam
854 4103 951 4169 unius
972 4103 1037 4170 loci
1058 4103 1366 4195 interpretationem
1388 4105 1485 4170 advo·

366 4201 457 4270 cant3
480 4189 598 4277 quibus
622 4187 905 4271 observationibus
926 4189 999 4255 talis
1022 4190 1155 4278 qualern
1169 4191 1400 4282 descripsimus
1418 4187 1485 4278 epi·
1522 4202 1526 4210 '

365 4283 510 4341 tornator
530 4275 578 4341 uli
600 4276 686 4342 solet
707 4277 816 4343 tacite.
859 4276 955 4344 Unde
978 4276 1190 4366 consequitur
1211 4277 1406 4356 necessario,
1427 4276 1483 4342 illa

365 4354 578 4442 προείρηται,
601 4352 800 4441 δεδήλωται,
822 4355 1043 4444 λεχθήσεται,
1067 4364 1192 4453 reliqua
1214 4389 1280 4432 non
1302 4386 1400 4456 possa
1422 4361 1486 4428 nisi
1506 4410 1515 4427 χ

366 4447 407 4511 ab
433 4446 753 4536 hypomnematistae
780 4460 890 4516 mente
916 4449 1064 4555 prolecta
1092 4474 1174 4518 esse.
1197 4475 1241 4502 -ι
1282 4450 1416 4517 lnterim
1441 4457 1486 4514 ta-

286 4567 288 4576 ·
364 4553 443 4602 men
468 4535 624 4626 largimur
649 4537 751 4621 ultro,
782 4535 979 4628 paucissuna
1001 4536 1164 4629 quaedam
1184 4545 1283 4629 posse
1305 4562 1324 4605 a
1346 4535 1484 4604 scholia-
