3258 5134
222 331 224 338 .
300 243 353 338 3⁰

298 431 392 525 Lips.
411 453 497 524 quqe
517 430 564 500 ita
580 429 697 498 habet:
711 463 753 480 -
775 429 1027 511 καταπέτασμα,
1048 419 1132 514 ὅπερ
1152 424 1172 494 ὁ
1193 431 1336 516 κωμικὸς
1354 451 1426 516 πα-

297 517 501 604 ραπέτασμα
516 523 546 598 ¹)
568 514 670 595 λέγει,
692 507 877 597 δυνάμενον
898 509 943 589 ὡς
965 507 1052 592 εἰκὸς
1073 511 1230 601 ῥηθῆναι
1250 521 1309 582 καὶ
1329 541 1424 608 περι-

296 603 471 684 πέτασμα,
491 596 535 676 ὡς
557 599 657 678 δηλοῖ
675 595 694 662 ὁ
715 595 961 683 ἐξηγησάμενος
981 597 1064 689 παρ’
1088 599 1180 692 αὐτῷ
1201 597 1254 668 τό·
1282 601 1340 670 dut
1367 629 1425 672 ατι

296 688 529 775 περιπέττουσι
548 686 611 764 τὴν
631 683 844 772 μοχθηρίαν,
863 727 909 741 --
928 689 985 755 ubi
1005 690 1139 781 respicit
1157 693 1199 758 ad
1214 691 1317 761 schol.
1332 630 1422 766 ldlut.

295 787 376 860 159,
405 800 447 846 ex
468 796 534 868 quo
557 783 641 867 qnae
659 773 730 843 huc
750 776 915 866 pertinent
936 801 1116 868 apponam:
1148 775 1188 838 τὸ
1212 777 1248 840 δὲ
1270 781 1423 865 περιπέτ-

296 879 374 937 τειν1
385 857 462 936 ἤτοι
483 858 550 926 ἀπὸ
573 862 635 924 τοῦ
651 856 958 946 παραπετάσματος
972 860 1112 946 εἴρηται,
1135 855 1242 942 tant
1257 861 1323 927 τῶν
1337 862 1422 954 ζύμῃ

293 946 338 1014 τὰ
366 943 496 1034 ἄλφιτα
523 941 855 1033 περιλαμβανόντων,
880 987 925 1000 -
960 972 1045 1041 quae
1073 960 1113 1018 ut
1140 973 1217 1018 eum
1243 952 1420 1026 Eustathio

294 1037 485 1105 conciliaret
499 1033 772 1104 Hemsterhusius
784 1037 824 1118 ²),
845 1044 976 1102 tanturn
992 1035 1070 1106 huic
1084 1036 1210 1117 tribuit,
1224 1049 1264 1106 ut
1278 1040 1311 1108 in
1326 1039 1421 1108 scho-

292 1123 388 1192 liasta
411 1117 479 1184 ἀπὸ
501 1123 562 1183 τοῦ
584 1119 872 1205 περιπετασματος
893 1123 1122 1212 corrigendum
1142 1135 1306 1206 censeret,
1322 1127 1432 1218 ¹quod¹

291 1233 409 1279 vereor
430 1218 468 1276 ut
489 1207 569 1276 satis
589 1219 679 1276 recte
701 1205 833 1292 fecerit3
855 1230 997 1299 namque
1020 1233 1062 1276 ne
1083 1209 1149 1277 hoc
1171 1233 1353 1301 opponam,
1375 1237 1418 1282 ne
1477 1207 1481 1222 ’

290 1297 340 1364 sic
362 1294 496 1386 quidem
516 1294 645 1361 tradere
667 1294 893 1374 scholiastam,
919 1295 1008 1384 quod
1032 1296 1292 1364 demonstratum
1313 1322 1349 1366 se
1370 1298 1417 1368 in·

291 1383 422 1452 venisse
444 1390 583 1449 testatur
599 1381 804 1466 Eustathius,
827 1378 1079 1463 παραπέτασμα
1100 1375 1279 1444 δύνασθαι
1300 1377 1417 1467 ῥηθῆ-

290 1483 349 1529 ναι
375 1466 433 1527 καὶ
458 1465 707 1550 περιπέτασμα,
727 1507 771 1519 --
802 1467 885 1535 nihil
908 1468 998 1534 enim
1020 1492 1063 1536 ex
1083 1467 1325 1538 Hemsterhusii
1371 1472 1417 1538 ui·
1536 1529 1543 1534 .

291 1555 369 1622 dem
391 1554 624 1622 emendatione
646 1554 746 1621 tradit
766 1553 942 1624 scholiasta
959 1554 1022 1622 nisi
1037 1551 1117 1622 hoc:
1142 1495 1416 1639 eaotuitrttvhic

290 1665 364 1710 esse
386 1642 481 1730 quasi
502 1633 768 1742 ncprnstolopara
788 1634 1045 1725 περικαλύπτειν
1066 1651 1123 1708 ant
1137 1641 1232 1730 quasi
1246 1633 1336 1730 «ζύμῃ
1356 1663 1416 1715 πε-

287 1720 512 1812 ριλαμβάνειν
533 1745 577 1799 ως
598 1719 727 1812 ἄλφιτα
748 1744 827 1788 τινα
840 1731 886 1810 ⁸),
907 1727 942 1795 id
964 1728 1053 1819 quod
1073 1727 1109 1794 in
1130 1728 1262 1818 vulgata
1282 1752 1416 1821 quoque

288 1814 450 1905 scriptura
465 1812 573 1892 tradit,
588 1848 633 1862 —
653 1812 718 1881 hoe
732 1812 832 1903 igitur
847 1835 890 1882 ne
906 1836 1082 1906 opponam,
1095 1852 1140 1864 -
1161 1837 1256 1903 quae,
1279 1817 1414 1901 malum,

288 1901 423 1968 audacia
450 1908 503 1965 est
523 1899 570 1966 ita
592 1908 753 1982 statuere,
784 1900 998 1982 Eustathinm
1019 1900 1129 1991 ipsum
1150 1911 1300 1971 nostmm
1320 1902 1415 1970 scho-

263 1987 420 2078 ,hastan
441 1984 587 2072 legisse,
601 1995 640 2051 ut
661 1989 743 2054 alter
764 2009 806 2054 ex
827 1987 930 2057 altero
953 1986 1133 2058 certissima
1155 1987 1282 2055 ratione
1302 2011 1414 2056 ernen-

288 2073 358 2140 dari
373 2071 499 2162 possit?
520 2070 623 2138 immo
638 2073 665 2140 si
681 2096 796 2140 verum
812 2074 906 2142 lateri
927 2075 1080 2144 volumus
1095 2073 1252 2165 quodque
1267 2074 1307 2139 ab
1323 2075 1414 2142 omni

286 2159 387 2226 nimia
417 2168 451 2225 et
479 2157 677 2246 negligentia
707 2169 745 2236 et
769 2160 949 2250 cupiditate
982 2182 1087 2261 aeque
1115 2158 1289 2226 abhorreat
1315 2160 1412 2230 unice

286 2256 477 2325 sectamur,
503 2267 570 2310 non
592 2244 717 2333 poterit
743 2243 837 2312 aliter
859 2245 960 2315 statui
982 2246 1045 2313 nisa
1067 2255 1105 2312 ut
1126 2256 1303 2335 utrumque
1325 2247 1412 2316 dica-

285 2354 361 2398 mus
384 2355 426 2398 ex
449 2329 567 2415 eodem
590 2333 683 2398 fonte
704 2353 763 2396 sua
783 2331 932 2400 hausisse
947 2336 989 2414 ⁴),
1011 2331 1079 2398 i.'e.'
1100 2355 1140 2398 ex
1155 2329 1411 2423 hypomnemate

285 2416 343 2484 illo
366 2415 624 2508 Aristophaneo,
645 2416 855 2485 Eustathium
877 2428 988 2485 autem
1009 2417 1169 2519 integrius
1190 2441 1275 2509 quae
1297 2419 1330 2486 iu
1352 2419 1410 2488 illo

284 2503 449 2571 invenerit
468 2502 650 2582 rettulisse,
679 2501 889 2573 scholiastam
913 2516 1025 2572 contra
1047 2503 1190 2592 aliquam
1211 2514 1341 2572 tanturn
1362 2516 1410 2573 to·

284 2589 351 2658 tius
379 2588 657 2680 interpretationis
685 2611 849 2658 summam
874 2591 951 2658 inde
979 2593 1175 2694 sumpsisse,
1198 2591 1250 2693 ¹de
1272 2589 1408 2683 singulis

284 2676 405 2766 quibus
420 2674 547 2742 firmata
568 2684 639 2742 erat
652 2673 877 2778 interpretatio
889 2677 1080 2830 paullulum
1101 2699 1309 2744 securiorem.
1343 2677 1408 2748 Ne·

283 2783 350 2852 quc
373 2761 462 2851 enim
484 2760 659 2856 quisquam
683 2762 746 2829 siba
766 2786 886 2854 persua
912 2763 980 2832 ebit
1000 2762 1115 2849 facile,
1147 2764 1248 2832 alium
1270 2761 1340 2848 hic,
1356 2763 1408 2832 *in

280 2907 487 2926 m

350 2983 379 3050 1)
397 2980 535 3059 Aristoph.
553 2981 620 3040 llan.
638 2987 689 3038 936
707 2981 790 3038 Bell.

348 3053 379 3117 2)
397 3049 551 3108 Hemsterh.
570 3051 602 3106 ad
619 3049 690 3107 Plus
708 3070 735 3128 p.
752 3057 787 3108 aa
804 3052 877 3126 Lips.

349 3121 377 3187 3)
395 3118 457 3174 Noli
477 3121 548 3179 enim
565 3129 674 3197 putare,
692 3119 864 3175 scholiastam
875 3116 996 3176 voluisse
1007 3119 1213 3204 originationem
1224 3117 1340 3196 aliquam
1351 3118 1405 3176 l‘or·

279 3205 341 3243 mae
357 3187 536 3264 vocabulique
554 3189 617 3275 (non
634 3187 851 3262 significationis)
867 3207 1031 3264 proponere3
1050 3187 1087 3244 nd
1111 3188 1247 3244 rsl'elleret
1256 3190 1334 3314 ¹quod
1350 3197 1405 3246 sta·

280 3257 481 3332 tlmsequitur:
515 3257 533 3322 al
551 3255 603 3306 απὸ
619 3259 670 3318 τῶν
688 3256 804 3326 ζύμῃ-
826 3257 906 3327 rapat.
940 3255 1013 3326 Ergo
1028 3255 1078 3314 lroc
1092 3256 1170 3314 dicit:
1191 3256 1240 3312 das
1287 3256 1404 3314 ildsei

233 3355 235 3364 r
279 3321 541 3409 hergenommen
563 3344 624 3408 vom
643 3322 769 3382 Schleier
791 3325 857 3381 oder
876 3343 936 3380 vom
953 3324 1072 3394 Bttclrer,
1097 3345 1149 3383 non
1166 3322 1233 3404 hoc:
1258 3326 1306 3383 das
1325 3325 1405 3383 Wort

279 3393 754 3531 neptquffiqpeqisqliqlqllepqqntpqlcqn
771 3457 804 3515 ah
822 3457 914 3516 eodem
931 3461 1071 3518 Eustathio
1089 3459 1124 3517 ad
1139 3460 1193 3517 0d.
1205 3460 1281 3545 ‘m
1318 3467 1402 3520 Atat

279 3525 360 3584 Rom.
378 3531 458 3586 citari
474 3530 535 3590 τοὺς
550 3532 598 3581 τοῦ
613 3533 727 3598 κωμικοῦ
745 3521 921 3593 οχολιαστᾶ
927 3550 954 3600 ς,
970 3530 1017 3586 ubi
1035 3539 1128 3608 aperte
1145 3533 1256 3608 respicit
1272 3480 1403 3588 sdrahel.

278 3595 369 3654 Ruit.
384 3601 451 3658 ¹530.
492 3596 549 3655 Sed
572 3617 604 3654 eo
631 3617 666 3654 ne
688 3598 749 3674 quis
771 3601 933 3676 propositam
956 3618 1037 3676 supra
1060 3601 1239 3656 sententiam
1261 3598 1402 3678 repulsare

278 3615 355 3733 adlit,
373 3667 450 3750 q'uasi
467 3665 623 3722 Eustathius
640 3665 697 3722 illis
715 3685 820 3790 quoque
835 3667 863 3722 in
877 3667 945 3723 locis
963 3661 1170 3722 scholiastae
1187 3619 1353 3726 intellexerit
1368 3667 1401 3724 ab

278 3734 319 3789 eis
365 3753 392 3789 ur
415 3735 443 3790 in
463 3737 565 3791 nostris
587 3735 665 3791 libris
688 3746 750 3791 sunt
794 3737 907 3802 irenses,
925 3765 959 3776 -
985 3735 1101 3809 primum
1123 3733 1190 3790 illud
1213 3755 1322 3804 moneo,
1349 3756 1402 3792 nou

277 3801 366 3860 viden
383 3822 498 3877 unquam
515 3802 685 3861 Eustathlum
707 3801 941 3872 ὖιιομνηματιαμοῦ
962 3816 991 3859 ct
1007 3801 1234 3871 §superpatiente
1251 3803 1400 3860 honorifico

278 3872 388 3928 nomine
405 3870 565 3928 scholiastas
583 3881 629 3928 aut
645 3872 849 3930 scholiastarum
867 3892 944 3930 curas
962 3873 1146 3945 insignivisse3
1163 3882 1218 3928 tum
1233 3873 1360 3996 quidnlq
1389 3905 1400 3918 -

277 3939 314 3994 sit
334 3939 487 3996 Eustathius
505 3951 532 3997 et
542 3950 684 4018 excerptas
702 3961 736 3996 ex
754 3961 785 3996 eo
804 3939 967 4008 ὑπομνήματι
990 3942 1191 3997 observationes
1215 3943 1248 4010 (i.
1261 3961 1285 3996 e.
1302 3960 1337 3998 sc
1368 3959 1400 3995 o-

276 4003 354 4076 lia),
381 4017 408 4062 et
429 4012 516 4084 ipsum
539 4008 605 4066 illud
627 4008 768 4077 ὑπόμνημα
791 4012 914 4078 trivisse,
941 4007 1163 4085 quemadmodum
1186 4007 1273 4064 simile
1291 4008 1355 4086 quid
1372 4011 1399 4064 in

276 4071 396 4130 llomero
408 4095 515 4151 quoque
527 4080 553 4132 ei
566 4077 669 4142 accidit,
689 4079 721 4132 ad
735 4097 814 4152 quem
827 4078 1012 4155 explicandum
1031 4076 1158 4144 (Lehrsio
1170 4085 1252 4143 teste,
1271 4077 1305 4132 de
1317 4077 1400 4132 Arist.

297 4143 366 4210 ‚tot
390 4154 416 4198 et
432 4144 597 4201 scholiorum
618 4145 754 4202 volumine
775 4166 867 4204 eorum
884 4167 949 4204 usus
968 4157 1022 4212 est,
1051 4164 1116 4218 quae
1135 4145 1219 4204 codex
1238 4145 1358 4212 Venetus
1373 4147 1399 4200 Α

275 4161 373 4276 llatae,
398 4221 425 4268 et
442 4214 502 4288 (qui
519 4213 629 4270 eosdem
648 4235 707 4270 eum
726 4216 777 4270 isto
794 4215 930 4274 volumine
948 4215 1034 4270 lontea
1052 4215 1222 4292 sequebatur)
1240 4216 1354 4291 Apionis
1372 4223 1399 4269 et

276 4277 413 4336 Herodoti
425 4284 651 4340 commentarium.
661 4316 695 4326 —
721 4283 883 4357 Plerumque
896 4284 978 4356 igitur
990 4285 1118 4340 incertum
1131 4282 1257 4350 manebit,
1275 4285 1398 4360 ipsumne

274 4357 392 4404 veterem
419 4352 593 4425 interpretem
621 4371 654 4406 an
678 4351 737 4423 ejus
760 4360 920 4418 sectatores,
950 4350 1123 4418 scholiastes,
1152 4362 1280 4428 sequutus
1302 4351 1397 4406 Eusta-

275 4415 350 4471 thius
368 4419 410 4483 sit,
430 4416 476 4472 nbi
495 4417 588 4475 eadem
606 4417 664 4474 lere
682 4439 747 4483 cum¹
760 4418 872 4475 scholiis
885 4422 975 4476 Aristo
995 4420 1087 4476 hanels
1101 4419 1198 4486 tradit3
1215 4419 1309 4495 quales
1322 4419 1398 4475 locos

275 4485 406 4542 iudicarit
423 4484 577 4548 Hemstarlr.
595 4487 629 4546 sd
646 4486 715 4546 Plut.
734 4509 761 4566 p.
779 4492 837 4560 15³,
857 4493 914 4560 187,
933 4495 946 4546 1
983 4491 1061 4560 ,tlt
1077 4497 1130 4548 ete.
