3250 5144
799 231 809 264 Ι

296 247 349 340 oo

296 447 400 530 δνμος
420 447 472 512 δέ·
498 457 586 534 etc.;⁴
611 447 729 535 immo,
754 441 819 518 nis'i
839 437 1078 520 ihcoustantiae
1099 457 1167 520 non'
1189 452 1328 543 exiguae
1349 455 1424 524 siue

258 581 264 612 ι
293 539 363 605 ulla
394 561 490 605 causa
521 561 675 620 accusare
702 536 784 625 velis
813 537 1022 619 scholiastes,
1055 538 1101 606 ita
1124 541 1337 608 statuendum
1359 553 1422 626 cst,

44 643 46 708 ξ
154 635 164 650 ’
235 702 237 708 ‚
295 625 404 690 omnia
426 648 512 713 quae
531 625 688 728 postilla
712 614 910 704 Σύμμαχος·
931 663 975 672 -
1002 636 1198 714 sequantur,
1224 627 1294 694 sive
1316 627 1420 718 ipsius

292 709 485 798 Symmachi
513 734 583 778 srve
611 711 748 776 aliorum
769 708 1247 801 traduntinterpretationem,
1277 713 1317 778 ad
1341 737 1419 780 eun-

293 795 371 866 dem
393 807 562 880 auctorem
586 819 657 862 csse
671 796 866 876 referenda,
896 797 1145 884 Symmachum.
1196 798 1312 888 Itaque
1335 798 1420 868 illud

195 935 197 942 ,
291 881 493 962 tenebimus,
522 882 716 950 scholiastae
738 905 845 971 neque
867 880 922 948 hic
944 903 1052 970 neque
1075 883 1153 950 alibi
1170 884 1199 968 ¹)
1220 884 1236 949 -i
1263 907 1316 952 sos
1339 910 1418 952 usos

291 991 366 1035 esse
399 968 620 1058 antiquiorum
651 967 785 1034 illorum
817 963 1034 1058 interpretum
1067 969 1158 1036 libris
1190 969 1224 1034 in
1250 994 1266 1035 e
1293 995 1333 1038 ue
1361 973 1418 1039 illa

178 1099 181 1120 ι
291 1055 496 1146 excerpsisse
518 1056 660 1146 primos,
683 1053 741 1121 sed
764 1053 898 1121 inventa
922 1077 1038 1120 corum
1059 1054 1094 1121 iu
1116 995 1308 1143 Symmachi
1330 1081 1418 1124 com.

290 1142 453 1208 mentatio
476 1141 596 1232 placita
612 1163 687 1206 cum
707 1139 810 1230 ipsius
825 1139 1018 1228 Symmachi
1032 1133 1356 1231 interpretationibus
1370 1145 1416 1210 ita

290 1227 513 1318 descripsisse,
536 1236 574 1292 ut
596 1236 729 1293 externa
751 1249 883 1327 quoque
899 1224 1004 1293 forma
1026 1227 1229 1317 Symmacho
1251 1252 1288 1296 se
1306 1225 1417 1296 omnia

287 1313 411 1380 debere
433 1312 603 1380 interdum
625 1313 742 1379 saltem
765 1312 989 1378 rndrcaveriut.

376 1400 470 1485 Quae
492 1401 520 1465 si
543 1398 616 1488 quis
639 1396 743 1466 semel
765 1397 827 1464 sibi
849 1397 1048 1488 persuaserit
1064 1419 1143 1464 vere
1161 1419 1248 1466 ame
1264 1411 1338 1467 esse
1354 1400 1419 1468 dis-

196 1541 200 1548 .
286 1495 422 1576 putata,
451 1486 560 1566 nolet,
591 1485 724 1576 opinor,
753 1485 794 1550 ab
822 1483 885 1550 bae
912 1481 986 1554 tarn*
1006 1484 1168 1574 probabili
1198 1486 1360 1554 sententia
1382 1487 1418 1555 in

287 1571 350 1638 alia
386 1572 495 1646 omnia
530 1569 634 1650 abire,
662 1571 783 1649 ,locum
816 1571 1076 1660 contemplatus,
1113 1569 1266 1659 quince
1298 1573 1417 1664 probat

287 1667 401 1749 aperte
429 1656 569 1723 eandem
599 1657 796 1722 sententiam
818 1679 881 1722 nec
908 1679 986 1722 vero
1016 1655 1116 1722 etiam
1144 1656 1279 1738 refellit,
1303 1658 1416 1728 schol.

284 1744 349 1812 Av,
373 1750 453 1814 704:
487 1735 681 1823 Σύμμαχος,
704 1738 761 1800 διὰ
784 1737 823 1800 τὰ
844 1736 923 1813 τοὺς
944 1738 1087 1823 ἐραστὰς
1108 1735 1255 1823 ὄρνιθας
1275 1737 1417 1824 εὐγενεῖς

281 1821 489 1913 χαρίζεσθαι
515 1829 587 1900 τοῖς
613 1822 796 1909 ἐρωμένοις.
838 1821 984 1907 Δίδυμος
1012 1823 1065 1902 da',
1096 1823 1167 1888 ἐπεὶ
1183 1823 1209 1904 ’ἡ
1234 1823 1329 1905 σίττη
1358 1830 1417 1892 καὶ

284 1912 320 1980 εἴ
336 1933 372 1975 τι
391 1915 546 1975 τοιοῦτον
566 1909 682 1996 ὄρνεον
703 1906 795 1988 δεξιοὶ
819 1908 903 1994 πρὸς
926 1907 1050 1996 ἔρωτας
1069 1907 1244 1998 φαίνετον,
1263 1955 1309 1968 --
1329 1939 1415 2019 quae

284 2003 314 2070 si
336 2001 381 2067 ita
403 2001 503 2070 hodic
525 2001 651 2092 scripta
663 2009 828 2066 extarent:
852 1994 1045 2082 Σύμμαχος·
1068 2017 1098 2060 κ.
1112 2017 1141 2062 τ.
1157 1997 1188 2062 λ.
1202 2041 1247 2052 --
1267 2013 1302 2068 et
1317 2003 1416 2070 diser-

283 2089 354 2157 tius
377 2110 485 2154 meam
506 2085 674 2154 firmarent
695 2085 910 2168 sententiam,
942 2095 976 2152 et
996 2109 1076 2153 vero
1099 2086 1143 2153 ad
1165 2088 1315 2155 codicum
1338 2091 1431 2164 seris

283 2185 416 2266 pturam
438 2173 585 2241 fortassis
608 2173 710 2240 etiam
731 2173 866 2265 propius
890 2171 1083 2239 accederent
1091 2197 1101 2254 ;
1128 2173 1202 2261 quis
1225 2176 1313 2240 enim
1334 2199 1415 2265 quo-

283 2261 335 2331 vis
357 2262 494 2351 pignore
517 2260 716 2350 contendere
739 2261 820 2326 velit
834 2280 901 2325 non
916 2257 1040 2346 fugisse
1057 2257 1224 2325 editorem·¹
1255 2260 1415 2351 riucipem

282 2347 374 2416 istud
398 2349 529 2452 signum
551 2346 648 2437 quale
670 2343 725 2412 bic
747 2344 991 2424 desideramus,
1020 2353 1088 2408 tam
1111 2346 1185 2410 leve
1207 2285 1288 2412 illud
1311 2359 1349 2413 ut
1370 2349 1416 2414 la·

282 2444 353 2502 teat
375 2434 547 2515 facillime,
578 2431 772 2524 praesertim
794 2431 821 2498 si
845 2429 935 2522 quis,
965 2429 1055 2522 quod
1076 2429 1111 2495 in
1132 2431 1292 2521 plurimos
1316 2433 1413 2516 cadit,

281 2523 366 2589 tales
388 2518 543 2586 minutias
565 2522 653 2608 justo
676 2519 752 2610 plus
775 2515 854 2600 odit,
877 2515 985 2585 sedin
1001 2514 1121 2666 pulsus
1136 2519 1298 2606 majorum
1313 2542 1413 2610 saepe

282 2631 395 2676 rerum
417 2605 606 2672 discrimina
628 2604 712 2670 verti
733 2615 833 2694 patet.
857 2604 994 2693 ¹Itaque
1041 2604 1236 2690 oc'quidem
1250 2603 1325 2672 loco
1343 2629 1412 2673 non

280 2717 400 2783 magna
423 2690 661 2782 probabilitatis
684 2691 796 2782 speeie
819 2713 857 2756 ea
880 2711 917 2755 se
939 2686 1085 2755 tuebitur
1107 2688 1229 2779 opinio,
1251 2712 1335 2779 quae
1351 2691 1410 2758 Di-

282 2781 374 2868 dymi
396 2777 683 2866 interpretationes
707 2775 837 2843 aliunde
855 2785 959 2864 atque
981 2798 1023 2840 ex
1038 2773 1229 2860 Symmachi
1244 2797 1410 2844 commea-

279 2868 365 2935 tario
388 2863 573 2933 scholiastis
594 2863 777 2930 innotuisse
792 2859 986 2944 contendat;
1008 2859 1066 2925 sed
1080 2864 1203 2950 majore
1218 2863 1290 2951 jure
1304 2863 1410 2953 possit

281 2952 400 3041 aliquis
419 2951 462 3018 in
489 2973 563 3018 earn
592 2951 789 3016 sententiam
818 2948 889 3014 aliis
918 2946 1114 3035 quibusdam
1140 2948 1222 3013 locis
1247 2948 1306 3014 'uti'
1325 2971 1410 3039 quos

280 3037 365 3104 infra
410 3061 508 3103 onam
528 3057 597 3103 non
618 3037 761 3104 multum
779 3034 826 3102 eis
841 3033 987 3100 tribuens
1002 3032 1091 3123 ipse:
1113 3033 1216 3100 soboli
1232 3034 1295 3102 Ar,
1308 3040 1408 3106 1283:

125 3133 130 3157 ⁴
167 3181 171 3190 ,
214 3162 216 3165 -
277 3059 430 3197 exordia
451 3118 529 3196 ἤτοι
543 3117 723 3199 Λακωνικὴ
745 3117 903 3194 ἐπιστολὴ
925 3110 1146 3202 ἢβοικτηρίοι.
1180 3113 1323 3206 ἐφίρονν
1342 3117 1412 3206 γὰρ

150 3221 164 3252 ··
279 3203 424 3293 βαρείας
436 3201 623 3290 βακτηρίας
644 3207 678 3268 of
691 3202 862 3280 Λάκωνες.
893 3209 956 3293 τοῦ
971 3202 1006 3264 δὲ
1022 3198 1410 3268 σκοτοίλιοντὸοιέκτιιὶ·

277 3311 384 3373 νετοιι,
407 3289 451 3367 ὡς
471 3295 505 3354 ἐν
522 3287 690 3368 Ὂλκοίσιν,
713 3287 803 3356 ἔνθα
823 3292 886 3374 κοιὶ1
902 3287 941 3352 τὸ
962 3287 1184 3376 Νικοφῶντος
1204 3285 1239 3365 ἐξ
1250 3285 1408 3376 Ἀφροδί.

168 3453 174 3466 ,
277 3402 339 3458 της
361 3379 479 3444 Pereia
506 3378 700 3464 παρετέθη·
737 3373 825 3458 „oria
851 3375 885 3452 ἐς
910 3373 1056 3462 κόρακος
1075 3375 1122 3437 το)
1140 3372 1225 3461 χεῖρ’
1255 3373 1407 3450 ἀποίσεις
1465 3424 1470 3435 ,
1541 3404 1544 3412 ·
1580 3373 1581 3388 ’

166 3463 168 3469 ’
278 3462 429 3529 {audetur
447 3461 531 3530 ’Λιτό
553 3461 617 3528 τοῦ
633 3461 812 3527 anetarum
833 3483 876 3526 τε
898 3463 976 3549 (boc
992 3465 1063 3530 add.
1078 3464 1245 3542 Dindorf.)
1267 3462 1324 3522 καὶ
1346 3463 1406 3538 τῆς
1468 3483 1489 3514 1·

278 3552 480 3640 dapdtpoga‘
508 3541 863 3654 οίίτωΣύμμοιχος.
890 3545 961 3612 tot
975 3543 1150 3650 Aidpuec
1166 3542 1406 3624 σκντοίλιατοίς

276 3635 481 3726 βακτηρίας,
513 3653 568 3712 αις
593 3635 636 3698 τὰ
666 3635 817 3699 uxorata
844 3631 1025 3698 τύπτουσιν
1049 3653 1067 3695 ο
1089 3637 1159 3695 ἐστι
1179 3630 1258 3706 τοὺς
1277 3631 1404 3718 τραχή-

277 3725 366 3801 λους.
400 3717 452 3810 ,,ἢ
475 3718 590 3790 παίσει
610 3715 744 3808 βάκτρῳ
758 3717 881 3808 καλίνῳ
898 3715 1048 3787 caetrata
1068 3716 1162 3806 Φρὺξ
1177 3713 1289 3807 οίνήρα
1305 3723 1405 3807 ²)‚-
1502 3791 1509 3801 Ι
1580 3715 1581 3734 ’

277 3814 383 3883 schol.
404 3815 465 3882 Av,
487 3819 589 3885 13632
621 3804 886 3896 ,,Σύμμαχος·
912 3799 1116 3885 audeat-itae
1136 3799 1241 3868 αὐτὸν
1261 3805 1305 3895 τῇ
1324 3796 1405 3876 rt‘ta'·⁴

275 3956 480 3976 m

1101 4027 1217 4086 mmacbi
1235 4030 1400 4110 auctoritate,

319 4097 321 4102 ,
346 4035 374 4100 1)
391 4033 460 4091 Nam
476 4034 502 4090 si
519 4034 574 4112 ipsi
592 4033 772 4120 usurpabant,
794 4052 842 4120 pur
858 3999 991 4117 interdura
1008 4049 1043 4088 ex
1060 4029 1108 4156 Sp
1202 4099 1209 4113 ι
1342 4099 1348 4112 ⁸

275 4102 413 4188 interdum
435 4113 465 4159 ut
482 4122 498 4157 a
515 4114 600 4158 semet
621 4111 686 4182 rpsis
709 4101 1003 4187 adhibitosvcrtabant?
1037 4098 1068 4156 ld
1096 4119 1141 4186 'ac
1164 4096 1273 4183 qurylem
1297 4108 1403 4153 rotrone

276 4169 410 4250 ΨΜ
431 4165 1403 4299 t⁰ltt⁰l⁰stttffitttt“tftttttt‘tttttmutttttttttltt

275 4258 399 4364 lddlqrilii
416 4261 450 4364 ire
469 4325 537 4396 opus
554 4305 664 4383 quidem
681 4261 738 4362 aiat
755 4305 834 4364 allata
851 4308 1010 4362 auctoritate
1027 4307 1086 4361 ista‘.
1113 4279 1122 4307 ’
1246 4283 1252 4302 ⁴

344 4381 373 4447 2)
390 4375 493 4506 lteoepr
510 4376 647 4434 Diutlorlii
664 4377 878 4459 emendationem
894 4377 990 4459 netues.
1023 4371 1109 4429 Paulo
1127 4370 1205 4428 aliter
1215 4367 1401 4426 Hemsterhus.

191 4475 192 4484 ι
271 4443 441 4573 ριὶἰᾶθῐῖρρριο.
477 4465 536 4524 ,p
552 4450 613 4504 ate.
629 4479 664 4492 -
703 4443 761 4504 Sed
784 4461 817 4502 ne
839 4463 881 4504 erc
902 4443 1013 4522 quedem
1033 4449 1205 4522 personatum
1225 4436 1405 4514 fragmentum
