3258 5134
249 305 275 330 „
369 205 421 286 aa
1020 247 1026 288 i

371 417 455 478 sem,
475 395 566 487 quod
588 391 666 463 licet
685 388 785 464 hodie
805 393 985 464 obscurum
1002 403 1102 478 esset,
1124 395 1206 464 olim
1219 383 1333 464 tamen
1345 395 1497 480 fortasse,

371 482 520 576 pluribus
542 481 678 575 repertis
699 480 865 570 subsidiis,
886 493 1055 576 oporteret
1075 482 1130 554 vel
1151 483 1193 553 ed
1210 482 1434 554 euuderu'vel
1453 483 1497 552 ad

249 567 261 592 ²
372 568 474 642 alium
494 569 606 640 referri
629 568 786 642 ordinem·

878 769 909 863 t.
935 779 988 846 1a.

456 907 555 983 Nunc
582 909 717 981 demum
744 933 786 982 eo
812 907 919 979 redire
940 909 1020 979 licet
1038 899 1128 978 uude
1148 918 1217 979 tota
1241 905 1496 1002 haee·prolecte

373 1006 426 1066 est
446 1001 612 1089 quaesti03
634 991 854 1088 quaerebatur
876 997 964 1064 enim
987 1005 1219 1100 quotiquaeve
1235 996 1368 1066 fabulae
1388 999 1423 1065 in
1438 997 1497 1102 hp-

371 1095 584 1174 pomnemate
606 1084 798 1176 explanatae
821 1083 1024 1166 viderentur,
1057 1083 1351 1176 cujuspraecipuo
1373 1085 1497 1154 auxilio

371 1177 441 1236 tota
464 1169 629 1238 nitebatur
650 1170 899 1238 scholiastarum
914 1169 1151 1260 interpretatio.
1194 1169 1246 1236 Ad
1261 1193 1346 1258 quae
1364 1193 1498 1261 respou-

371 1253 449 1322 dere
478 1255 574 1324 facile
600 1259 668 1348 jam
690 1267 741 1324 est
769 1265 806 1324 et
827 1254 1030 1346 expeditum.
1081 1254 1215 1322 Etenim
1236 1265 1309 1323 tum
1333 1255 1395 1323 alia
1417 1280 1502 1326 uou-

370 1341 461 1408 uulla
488 1342 522 1409 in
544 1344 641 1432 longe
658 1342 724 1410 isto
743 1341 975 1434 disputationis
993 1365 1092 1408 cursu
1113 1342 1256 1409 vidimus
1278 1366 1363 1433 quae
1384 1343 1426 1409 ad
1443 1367 1498 1412 oe·

302 1469 309 1478 1
369 1428 558 1494 eunomiam
578 1424 820 1508 ὑπομνήματος
840 1427 1006 1520 pertinent
1020 1428 1206 1530 quibusque
1223 1439 1355 1524 utemur
1369 1439 1496 1520 postea,

368 1520 443 1579 tum
463 1515 545 1583 illud
613 1516 660 1581 od·
677 1514 898 1582 cummaxime
919 1513 986 1580 huc
1002 1512 1090 1594 lacit,
1113 1525 1190 1582 ista:
1218 1532 1425 1600 προειρηται,
1447 1511 1498 1574 εἴ.
1616 1527 1617 1530 ’

369 1591 492 1682 sopor,
513 1597 568 1682 λεχ
614 1596 730 1684 'onae
751 1602 877 1690 reliqua
899 1600 940 1667 ab
962 1600 1264 1693 hypomnematista
1286 1611 1400 1668 nostro
1423 1623 1497 1670 esse

370 1687 556 1778 excogitata
580 1687 762 1777 litterisque
785 1687 977 1777 consignata
998 1687 1116 1778 primo.
1158 1687 1241 1754 Inde
1258 1689 1369 1754 statim
1384 1710 1497 1756 conse,

417 1772 496 1856 itur,
524 1796 579 1840 eas
602 1796 718 1840 omnes
740 1773 884 1854 fabulas,
914 1795 1053 1862 quarum
1076 1775 1118 1840 ad
1140 1773 1393 1841 commentarios
1415 1773 1497 1864 ipsis

368 1794 434 1926 illis
460 1857 610 1926 formulis
638 1858 852 1942 remittimur,
884 1857 919 1924 in
941 1859 999 1925 illo
1020 1860 1277 1950 hypomnemate
1300 1883 1373 1927 esse
1395 1859 1497 1950 expli-

369 1955 459 2012 catas
481 1944 503 2013 i.
519 1967 547 2010 e.
570 1967 636 2012 non
659 1970 696 2012 su
724 1945 853 2014 erstites
876 1945 986 2012 solum
1009 1945 1137 2012 fabulas
1161 1968 1292 2028 omnes,
1319 1946 1378 2012 sed
1402 1968 1420 2012 e
1442 1947 1498 2012 de-

367 2029 506 2183 perditis
528 2055 661 2132 quoque
682 1971 804 2123 piures,
827 2041 918 2100 certe
933 2031 1102 2100 Danaides
1121 2042 1154 2098 et
1168 2031 1343 2100 Holcades.
1386 2032 1496 2122 Atque

392 2141 411 2184 e
438 2125 556 2185 ceteris
577 2118 711 2209 quidem
739 2119 893 2186 omnibus
915 2141 1001 2208 quae
1027 2127 1205 2210 supersunt
1226 2117 1346 2184 fabulis
1369 2128 1497 2184 certum

357 2205 435 2294 ‚jam
464 2213 498 2270 et
525 2203 748 2271 indubitatum
775 2205 840 2272 boc
862 2214 944 2308 puto
966 2203 1087 2287 videri3
1120 2205 1179 2270 sed
1201 2203 1245 2270 de
1267 2203 1498 2294 Thesmopho·

368 2290 505 2356 riarusis
527 2313 630 2381 pauca
653 2291 752 2359 video
775 2289 957 2382 adjicienda
980 2312 1054 2357 esse
1076 2290 1233 2379 quoniam
1254 2311 1316 2356 nec
1337 2290 1372 2356 in
1393 2288 1497 2381 ipsius

368 2375 499 2448 fabulae
520 2374 670 2457 scholiis,
704 2378 823 2468 quales
840 2376 940 2444 bodie
961 2385 1153 2466 supersunt,
1181 2400 1216 2442 re
1242 2377 1390 2443 criuntur
1412 2379 1497 2466 ejus·

368 2461 444 2530 dem
477 2485 611 2553 prorsus
639 2465 768 2554 generis
794 2463 962 2531 fomraeve
989 2461 1124 2544 indicia,
1161 2399 1281 2554 quibus
1310 2473 1498 2532 ceterarum

369 2548 621 2618 commentarios
642 2550 882 2617 vindicavimus
905 2547 1224 2640 hypomnematistae
1240 2558 1363 2628 nostro,
1384 2548 1497 2616 necin

358 2644 552 2702 ¹ceterarum
580 2633 713 2704 scholiis
736 2646 850 2702 extant
895 2637 1032 2701 uaedam
1055 2636 1149 2724 quasi
1177 2635 1276 2703 alieni
1298 2635 1364 2702 loci
1386 2635 1496 2702 obser·

368 2721 528 2801 vationes,
551 2743 632 2809 quas
654 2720 688 2787 iu
704 2721 850 2790 Thesmo
871 2659 1120 2788 horiazusarum
1142 2719 1276 2788 scholiis
1297 2720 1353 2788 vel
1371 2720 1495 2789 diserto

368 2805 473 2873 fretus
494 2806 617 2874 indicio
639 2807 693 2876 vel
714 2747 876 2900 probabili
893 2810 1080 2896 conjectura
1097 2806 1195 2874 nixus
1210 2807 1372 2877 affirmare
1387 2807 1494 2960 possis

367 2892 492 2982 justum
518 2893 684 2983 quendam
711 2904 745 2961 et
766 2918 863 2961 suum
885 2894 996 2961 locum
1025 2893 1105 2960 olim
1127 2903 1239 2962 nactas
1262 2917 1346 2962 esse.
1407 2895 1494 2982 dque

370 2977 533 3046 debebam
554 2982 621 3068 jam
643 3004 739 3080 supra
763 2980 872 3059 lateri,
900 2987 1003 3069 quum
1026 3003 1044 3046 e
1066 2977 1170 3048 schol.
1192 2978 1331 3047 Thesm.
1354 2987 1417 3052 162
1445 2975 1497 3063 (ἓν

367 3064 416 3143 τῷ
435 3061 501 3149 πρὸ
523 3057 643 3126 τούτου
665 3058 821 3152 ὁράματι,
844 3067 915 3139 τοῖς
928 3059 1080 3148 Ὄρνισιν
1101 3083 1130 3132 κ.
1146 3083 1176 3126 τ.
1192 3063 1249 3148 L),
1273 3065 1392 3133 diversi
1412 3065 1495 3132 indi.

344 3150 423 3253 '⁰l0
446 3153 583 3240 generis,
608 3164 733 3221 certum
750 3151 1099 3244 Thesmophoriaausis
1121 3152 1156 3217 in
1177 3151 1290 3220 tabula
1311 3154 1422 3221 locum
1445 3175 1495 3218 aa·
1614 3167 1615 3172 ’

368 3259 543 3338 signarem.
591 3238 660 3306 Sed
687 3264 749 3307 nec
775 3239 821 3306 ibi
848 3263 902 3306 me
924 3242 1011 3329 justo
1039 3237 1176 3306 calidius
1199 3227 1322 3330 egisse,
1350 3249 1384 3307 ct
1405 3261 1494 3307 nuuc

367 3323 585 3406 ϋπομνήματι
599 3325 1015 3416 Thesmophoriazusarum
1032 3347 1167 3416 quoque
1189 3324 1495 3417 interpretationem

272 3439 276 3450 ·
368 3431 437 3478 nou
451 3411 522 3480 siue
538 3433 635 3479 causa
651 3435 704 3481 me
718 3413 912 3492 vindicasse,
935 3411 1053 3479 eadem
1070 3435 1169 3502 opera
1180 3412 1424 3480 demonstrasse
1437 3435 1494 3480 me

369 3492 510 3588 putabo,
531 3499 587 3564 ubi
609 3500 808 3589 probavero,
830 3499 1014 3574 certissima
1036 3508 1147 3566 extare
1166 3498 1202 3564 in
1216 3497 1494 3590 Thesmophoria·

369 3603 522 3651 ansarum
544 3583 677 3687 scholiis
699 3585 832 3667 indicia,
861 3609 946 3677 quae
968 3585 1051 3652 haec
1072 3607 1205 3738 quoque
1228 3583 1353 3652 scholia
1375 3607 1493 3685 magna

371 3689 423 3772 ex·
433 3679 527 3761 parte
551 3672 681 3740 abunde
709 3695 859 3740 manasse
882 3695 981 3762 quam
1005 3695 1023 3738 e
1045 3695 1080 3738 sc
1106 3672 1296 3738 chartarum
1324 3669 1493 3744 cerebellis

269 3761 271 3778 “
371 3767 533 3824 evincant.
582 3756 656 3826 lloc
683 3760 772 3828 enim
793 3758 821 3826 si
842 3783 958 3828 verum
981 3768 1045 3837 est,
1074 3757 1188 3910 quidni
1210 3756 1305 3826 nobis
1351 3755 1493 3824 ossimus

370 3845 585 3933 persuadere,
617 3855 655 3911 ut
682 3855 754 3918 tum
782 3869 824 3914 ex
846 3869 912 3938 quo
940 3844 1056 3912 decem
1093 3844 1263 3911 abularum
1291 3867 1307 3912 s
1353 3842 1415 3912 olia
1439 3842 1494 3908 de-

340 4015 345 4025 ·
370 3930 492 4022 scripta
515 3929 580 3998 sint
601 3954 709 4023 opere,
733 3932 823 4001 idem
844 3930 1038 3999 undecimae
1060 3953 1193 4083 quoque
1215 3929 1346 3998 fabulae
1368 3929 1493 3998 scholia

371 4017 602 4107 suppeditasse
623 4030 794 4109 putemus,
826 4028 897 4095 tum
919 4018 953 4085 in
975 4015 1079 4086 schol.
1103 4017 1132 4084 'l'
1157 4016 1391 4109 esmoph.162
1415 4035 1494 4081 eun·

372 4097 449 4167 dem
483 4109 539 4190 (pt
566 4103 611 4170 ita
646 4105 808 4193 conjicere
837 4103 1036 4198 poterimus)
1092 4103 1318 4170 rammaticum
1351 4101 1495 4170 cundem

371 4185 470 4278 plane
502 4189 650 4258 ordinem
683 4200 780 4282 atque
812 4188 934 4282 inlreli
982 4187 1010 4256 it
1042 4125 1176 4257 scholiis
1208 4189 1373 4258 indicasse
1394 4197 1494 4340 pute·

370 4296 462 4358 mus,
493 4299 595 4368 quum
626 4275 816 4371 praesertim
846 4299 886 4344 eo
908 4276 942 4342 in
969 4274 1031 4344 icio
1054 4287 1236 4345 ceterarum
1258 4275 1292 4342 in
1314 4273 1425 4341 tabua
1448 4273 1496 4340 fa·

368 4357 521 4518 pulapum
544 4361 626 4430 ordo
647 4385 714 4432 non
735 4362 888 4432 turbetur
909 4386 1018 4456 neque
1037 4361 1103 4433 hoc
1116 4361 1251 4432 fortuito
1269 4360 1373 4432 videri
1387 4357 1498 4455 possit

386 4457 441 4517 act
464 4473 499 4518 m
521 4471 604 4520 esse.
