3250 5144
4 225 410 363 Qec

360 457 491 532 curioso
516 456 760 548 praevidebam.
808 453 994 542 Quaesierit
1019 453 1107 523 enim
1129 453 1312 546 quispiam,
1337 454 1367 522 si
1387 453 1484 546 Sym-

360 547 479 617 macho
500 549 657 635 pleraque
680 542 788 614 omnia
812 543 984 610 debuerint
1006 566 1091 632 quae
1113 554 1147 609 et
1168 540 1427 634 antiquissimam
1449 553 1488 610 et

362 631 584 718 doctissimam
613 655 685 698 esse
714 628 914 699 scholiorum
942 641 1130 696 nostrorum
1156 640 1284 720 partem
1314 639 1484 696 consenta-

359 745 461 788 neum
489 729 556 796 est,
589 720 645 808 qui
672 717 742 784 fieri
756 719 929 868 potuerit,
961 726 1000 782 ut
1026 715 1220 784 scholiastae
1248 738 1314 781 uno
1338 715 1486 786 alterove

359 809 435 876 loco
468 805 581 870 relicta
609 814 707 891 atque
736 828 755 868 a
780 827 819 870 eo
847 799 1045 892 reprehensa
1074 800 1268 890 Symmachi
1283 801 1486 891 ‘interpreta-

303 930 312 938 ·
360 893 451 960 tione
474 891 571 958 aliam
594 890 990 980 proposuerint-doctam
1013 911 1144 979 semper
1165 899 1198 954 et
1220 899 1372 955 accurate
1389 912 1487 954 exco-

359 980 513 1070 gitatam,
537 987 607 1044 tum
628 978 823 1066 plerumque
846 974 947 1042 etiam
969 976 1147 1055 veriorem;
1168 975 1271 1042 talem
1293 974 1487 1064 iuterpreta-

185 1069 189 1081 '
248 1105 252 1114 ·
360 1067 487 1140 tionem
509 1087 612 1164 quum
634 1060 831 1130 scholiastae
856 1085 873 1125 e
895 1071 1015 1161 suopte
1042 1060 1174 1151 ingenio
1196 1058 1325 1128 haurire
1350 1061 1406 1126 vix
1428 1084 1486 1150 po-

360 1151 498 1229 tuerint,
522 1173 595 1238 cogi
617 1171 695 1230 nos,
718 1174 734 1215 a
759 1147 920 1238 prioribus
943 1147 1179 1236 interpretibus
1200 1157 1240 1213 ut
1262 1146 1387 1237 pridem
1410 1167 1487 1212 eam

359 1235 521 1305 veriorem
536 1235 837 1326 interpretationem
856 1233 1062 1324 propositam
1075 1244 1244 1324 putemus;
1268 1232 1384 1323 quodsi
1400 1232 1487 1299 hanc

359 1345 510 1414 quoque,
536 1333 573 1386 ut
595 1322 785 1401 statuerim,
808 1318 1001 1410 Symmachi
1024 1320 1275 1386 commentarius
1298 1320 1486 1409 suppedita-

358 1410 459 1489 verit,
492 1407 672 1480 verendum
702 1431 775 1474 esse
802 1403 843 1472 ne
866 1403 1106 1494 Symmachum
1127 1406 1309 1472 habeamus
1329 1407 1486 1496 interpre-

359 1505 429 1564 tem
452 1494 596 1582 aliquem
618 1493 788 1581 insigniter
810 1493 953 1571 fatuum,
977 1492 1032 1580 qui
1055 1491 1150 1558 bonis
1174 1493 1312 1558 aliorum
1334 1493 1486 1558 observa-

359 1581 505 1666 tionibus
535 1581 575 1646 ab
605 1580 678 1670 ipso
706 1579 801 1646 lectis
828 1581 1082 1670 propagatisque
1109 1578 1158 1644 uti
1180 1578 1421 1668 nonpotuerit.
1441 1617 1488 1630 —-

360 1666 428 1734 Sed
451 1665 507 1756 qui
529 1667 574 1732 ita
597 1675 854 1754 argumentatur,
876 1688 953 1731 eum
976 1688 1042 1732 non
1066 1689 1169 1753 usque
1192 1687 1322 1766 quaque
1343 1687 1485 1752 verear.

360 1752 544 1844 garrulitati
568 1752 715 1818 arbitror.
760 1751 848 1835 Quid
865 1751 974 1816 enim?
1004 1775 1159 1817 veramne
1175 1754 1318 1838 aliquam
1333 1755 1485 1840 quaeque

360 1861 477 1906 omnes
504 1838 583 1910 boni
609 1838 797 1928 interpretis
825 1861 979 1903 numeros
1010 1837 1156 1927 expleret
1177 1836 1486 1928 interpretationem

358 1948 491 2014 semper
518 1925 709 2026 procudisse
736 1922 936 2012 antiquiores
959 1923 1169 2013 interpretes,
1203 1923 1404 1990 recentiores
1428 1946 1484 1988 au-

359 2021 448 2091 tem,
475 2010 532 2076 ubi
555 2011 594 2076 ad
617 2009 878 2100 perspiciendam
900 2029 1012 2076 veram
1034 2009 1260 2099 Aristophanis
1282 2032 1416 2076 sensum
1438 2011 1485 2075 in-

312 2141 318 2156 .
357 2097 545 2163 tendebant
569 2097 688 2176 aciem,
725 2095 848 2185 ubique
875 2094 1068 2162 caecutiisse
1098 2095 1228 2184 egregie
1257 2097 1484 2184 erroribusque

313 2261 317 2268 ,
342 2182 461 2251 *tuisse
484 2183 666 2250 obnoxios?
694 2182 812 2259 immo,
838 2192 876 2247 ut
897 2204 1010 2248 sumus
1033 2193 1147 2247 natura
1170 2193 1279 2246 nostru
1303 2183 1484 2272 comparati

357 2267 511 2335 homines
538 2293 668 2349 omneS,
702 2268 905 2359 aprioribus
956 2289 1063 2356 noque
1089 2268 1155 2333 illis
1183 2269 1393 2357 quantumvis
1416 2270 1483 2334 lue-

358 2365 437 2423 runt
459 2355 546 2422 docti
574 2379 640 2422 non
663 2355 805 2420 alienum
835 2364 904 2422 erat
930 2292 1014 2422 illud
1040 2377 1174 2433 „errare
1196 2357 1485 2435 humanum‚est,“

357 2451 395 2507 ut
418 2442 559 2530 lugerint
586 2464 644 2508 eos
672 2441 854 2516 interdum,
888 2463 972 2529 quae
1001 2442 1197 2531 posteriores
1217 2441 1351 2507 demum
1379 2441 1484 2508 erudi-

282 2523 285 2536 '
357 2526 448 2594 tione
475 2528 566 2593 nullo
597 2527 697 2608 modq
725 2551 802 2593 eum
829 2525 893 2593 illis
923 2527 1372 2618 comparandi‚-scholiastas
1396 2529 1481 2603 dico,

357 2621 606 2704 perspexerunt.
657 2613 773 2703 ltaque
802 2613 830 2680 si
858 2615 991 2704 quando
1018 2614 1215 2680 scholiastae
1243 2613 1483 2704 Symmachum

357 2702 533 2786 castigant,
556 2723 641 2766 nova
664 2699 770 2788 aliqua
796 2699 891 2766 allata
913 2699 1194 2790 interpretatione,
1219 2722 1292 2765 eam
1315 2724 1412 2767 nemo
1435 2704 1482 2790 ju·

357 2794 411 2852 sto
434 2787 529 2854 citius
551 2786 730 2852 contendat
751 2786 793 2852 ab
816 2786 1056 2874 antiquioribus
1085 2810 1156 2852 esse
1178 2785 1361 2876 prolectam
1382 2787 1481 2853 inter-

357 2871 524 2961 pretibus,
547 2895 630 2962 quos
650 2870 850 2938 scholiastae
871 2874 940 2940 suis
962 2872 1024 2961 ipsi
1048 2871 1152 2940 oculis
1171 2873 1310 2960 legerint
1332 2873 1480 2961 Symma-

359 2955 440 3027 chus
463 2969 574 3026 autem
596 2983 662 3025 non
685 2958 802 3047 legerit
824 2962 946 3026 nedum
968 2960 1001 3025 in
1024 2960 1295 3026 commentarium
1317 2983 1414 3026 suum
1433 2983 1481 3025 re-

356 3043 471 3112 tulerit
494 3047 608 3110 eosdm
630 3044 760 3136 placita,
783 3069 843 3112 nec
867 3046 967 3112 dehet
988 3046 1158 3136 quisquam
1178 3070 1215 3113 ea
1230 3046 1356 3113 ratione
1372 3069 1483 3114 meam

325 3163 327 3170 1
357 3127 399 3196 de
422 3131 613 3217 Symmachi
637 3131 872 3199 commentario
894 3134 1092 3202 sententiam
1119 3133 1233 3199 statim
1254 3131 1481 3236 propulsatum

357 3215 514 3284 arbitrari.
565 3217 631 3284 Sed
659 3241 726 3284 uon
753 3220 850 3284 unius
880 3220 1006 3307 generis
1034 3220 1186 3286 videntur
1212 3243 1268 3308 qur
1294 3219 1359 3284 hue
1382 3219 1481 3308 perti-

356 3309 439 3375 nent
461 3302 524 3369 loci
548 3326 635 3386 esse3
658 3315 829 3395 praeterea
852 3306 942 3374 enim
961 3305 997 3372 in
1018 3329 1085 3372 nno
1108 3308 1253 3373 alterove
1271 3306 1396 3395 antiqui
1412 3305 1481 3393 quia

357 3389 435 3458 dem
462 3391 606 3480 satisque
629 3390 717 3458 docti
744 3415 877 3462 manum
902 3392 1104 3478 grammatici
1131 3415 1309 3482 agnoscere
1332 3391 1413 3458 milri
1434 3390 1482 3456 vi·

357 3475 452 3558 deor,
482 3476 540 3544 sed
563 3478 618 3569 qui
642 3487 753 3543 tamen
776 3478 1025 3568 Aristophanem
1049 3481 1091 3545 de
1113 3478 1271 3545 industria
1294 3501 1362 3544 non
1384 3479 1482 3560 inter·

355 3571 515 3650 pretatus¹
533 3563 575 3628 sit
602 3564 659 3630 sed
690 3563 783 3652 quasi
851 3566 1049 3632 aetereundo
1080 3575 1113 3635 et
1135 3567 1241 3631 obiter
1261 3589 1377 3632 verum
1400 3562 1479 3629 indi-

271 3685 278 3700 ·
357 3645 449 3713 carit.
485 3647 615 3714 Deinde
630 3590 1008 3741 viderrdurdpotueritne
1025 3651 1243 3741 Symmachus
1261 3652 1478 3741 antiquiorem

356 3731 499 3822 aliquam
521 3733 839 3826 interpretationem,
868 3739 908 3803 ab
931 3737 1002 3822 ipso
1025 3738 1221 3828 descriptam
1250 3748 1283 3805 et
1304 3738 1336 3803 io
1361 3738 1480 3802 librum

355 3841 453 3887 suum
469 3820 603 3888 relatam
621 3823 664 3890 ob
682 3831 787 3890 certes
805 3825 962 3913 quasdam
978 3847 1103 3905 causas,
1125 3825 1195 3892 sive
1215 3848 1307 3891 veras
1319 3824 1392 3890 illas
1408 3824 1478 3890 sive

342 3904 467 3987 ¹falsas,
499 3931 654 3996 spernere
682 3923 868 3998 novamque
891 3913 1075 3997 excogitare
1097 3934 1173 3993 non,
1188 3912 1366 3977 admodum
1389 3933 1478 3976 com-

353 3993 586 4083 mendabilem,
609 4019 709 4087 quam
731 3997 924 4065 scholiastae
947 3999 1008 4064 sibi
1023 3998 1229 4088 sumpserint
1251 3997 1477 4076 refellendam,

354 4077 457 4167 adjuti
478 4080 511 4145 in
535 4105 574 4147 eo
597 4084 731 4170 negotio
754 4083 900 4173 priorum
923 4084 986 4150 illis
1011 4083 1310 4165 observationibus,
1339 4108 1356 4149 a
1380 4084 1477 4172 Sym-

352 4164 471 4232 macho
493 4166 598 4236 allatis
622 4167 816 4260 spretisque,
840 4191 921 4259 quas
942 4170 1007 4259 ipsi
1030 4172 1132 4260 magis
1155 4171 1339 4262 probabant
1362 4182 1395 4236 et
1416 4193 1477 4259 pro

352 4252 422 4316 suis
437 4253 660 4322 venditabant.
676 4295 720 4306 —
747 4255 814 4322 Sed
829 4258 897 4354 jam
912 4257 1001 4348 ipsos
1018 4258 1217 4324 enumerabo
1232 4258 1334 4325 locos.
1362 4255 1482 4324 Schol.=

351 4334 554 4429 'l'besmopb
576 4347 656 4414 393:
693 4334 920 4425 ὁΣύμμαχός
946 4361 1032 4442 φησι
1059 4339 1153 4430 παρὰ
1181 4341 1220 4404 τὸ
1249 4341 1395 4419 aenigne
1416 4339 1478 4401 τὸν

351 4403 452 4486 οἶνον.
501 4421 564 4503 ἐγὼ
586 4427 622 4488 δὲ
649 4421 710 4512 οὐχ
730 4421 799 4512 o‘pei
818 4425 857 4490 τὸ
878 4427 1023 4505 nenegant
1044 4426 1099 4491 ἐπὶ
1120 4424 1245 4507 ταύτης
1266 4427 1325 4507 τῆς
1347 4422 1478 4506 ἐννοίας

349 4505 445 4595 παρὰ
458 4510 530 4587 τοῖς
541 4507 704 4590 Ἀττικοῖς
724 4507 891 4610 κείμενον,
914 4512 1003 4582 ἀλλὰ
1024 4511 1112 4582 κατὰ
1132 4509 1277 4638 pinnata
1293 4513 1476 4604 φωνῆςλε-
