3258 5134
1262 245 1318 322 aa

191 440 281 520 vide,
313 449 352 506 ut
376 439 421 514 err
446 439 574 529 majore
596 429 852 528 copiaoertiora
873 441 1002 502 tantum
1026 429 1177 538 exempla
1200 455 1321 526 expres

192 551 297 608 mam,
311 524 426 592 schot:
448 523 653 614 Thesmopb.
677 530 750 601 162,
772 520 877 589 schol·
897 520 975 590 Pac.
998 529 1072 602 180,
1094 521 1173 588 ibid.
1194 531 1259 594 219
1282 531 1318 590 et

192 624 273 696 7613
301 611 498 693 ibid-13093
526 608 630 700 schol.
645 607 758 698 Equit.
772 613 809 689 4'3
837 603 941 676 schol.
959 606 1057 698 Vesp.
1073 615 1152 689 6763
1175 630 1322 696 quorum

169 723 270 769 ,cum
298 696 454 787 loquendi
484 693 722 763 consuetudine
755 692 944 784 conspirant
971 692 1117 794 quae;in
1145 693 1225 840 ipsis
1254 693 1319 786 illis
1405 729 1417 745 =

193 785 342 855 Nubium
362 782 496 850 scholiis
511 805 588 848 cum
603 781 652 851 ad
666 805 697 849 v.
711 789 754 852 33
776 781 915 869 ascripta
930 790 1022 848 sunt:
1050 797 1076 861 φ
1099 778 1145 861 με’
1173 774 1209 866 ']
1230 775 1319 840 κατὰ

194 864 357 946 intrando
377 867 439 928 τοῦ
461 859 659 939 altercacio.
700 855 786 926 olivo)
810 862 849 926 ἐν
865 862 939 939 τοῖς
957 863 1121 938 παλαιοῖς
1137 865 1204 946 τῷν
1225 858 1321 926 ἀντι·
1346 897 1350 914 ‹

194 953 336 1043 γράφων
363 943 503 1040 εὕρηται
522 948 752 1038 ypopdpauoa3
785 956 967 1040 tumqune
997 952 1040 1019 ud
1060 976 1094 1018 v.
1116 961 1196 1026 976:
1229 951 1262 1038 tr
1284 948 1322 1012 dd

194 1043 267 1116 τοῖς
293 1039 452 1113 παλαιοῖς
477 1037 544 1100 τῶν
570 1033 787 1123 ἀντιγράφων
807 1031 1007 1099 AMEAEI
1032 1031 1132 1098 ΤΗΣ
1159 1032 1324 1098 Tth-
1362 1077 1364 1082 -

194 1123 425 1192 ΓΕΝΕΙΗΣ
445 1114 594 1214 εὕρηται,
609 1165 653 1176 --
673 1126 731 1192 ubi
752 1125 856 1216 ipsius
873 1125 1005 1192 fabulae
1028 1133 1231 1207 contextum,
1253 1145 1326 1191 non‘
1363 1184 1366 1190 .

196 1212 453 1284 commentarios
480 1213 618 1279 seorsim
639 1210 681 1277 in·
696 1235 769 1278 eam
792 1211 897 1280 editos
919 1209 1023 1278 intelli
1047 1211 1058 1276 i
1080 1221 1182 1303 patet.
1219 1208 1321 1314 Ergo
1439 1251 1442 1259 ,

197 1301 297 1390 igitur
317 1299 350 1366 in
373 1297 469 1365 tertio
492 1313 625 1388 quoque
651 1319 765 1364 corum
787 1297 878 1378 loco,
906 1298 962 1388 qui
984 1233 1079 1378 nolis
1101 1296 1226 1400 primus
1249 1297 1323 1392 furt,

197 1385 417 1489 intelligamus
439 1394 570 1474 oportet
591 1406 659 1452 non
673 1407 772 1473 puros
787 1394 887 1474 putos
903 1392 1173 1466 commentauos,
1195 1382 1322 1451 sedco-
1407 1388 1411 1398 '

200 1473 290 1540 dices
312 1472 415 1563 rpsius
433 1470 583 1549 fabulae,
601 1493 723 1559 eosque
745 1469 780 1535 in
801 1470 865 1536 isto
912 1469 1022 1536 uidem
1043 1469 1118 1536 loco
1133 1470 1231 1550 tales,
1252 1469 1323 1560 qui-

199 1559 262 1625 bus
283 1564 349 1648 jam
370 1567 442 1623 tum
466 1566 640 1648 excerptae
662 1580 704 1623 ex
724 1566 875 1623 veterum
888 1491 981 1625 libris
1004 1554 1251 1622 observationes
1270 1580 1324 1647 ap·

199 1643 307 1737 pictae
330 1651 442 1710 essent
457 1643 498 1728 ²).
519 1663 563 1696 »ὲ-
597 1645 648 1709 lta
664 1652 810 1733 apparet,
832 1640 916 1708 alius
932 1639 1059 1731 generis
1077 1650 1176 1731 atque
1194 1651 1324 1710 ceteros

199 1753 284 1821 quos
313 1729 533 1807 tractabamus
561 1751 638 1795 aum
664 1729 775 1795 looum
805 1749 893 1808 esse,
927 1749 1027 1817 quem
1048 1729 1120 1815 jure
1140 1731 1325 1817 poterimus

199 1817 244 1883 ab
265 1826 379 1882 nostra
398 1814 467 1881 bac.
475 1814 697 1906 disputatione
710 1813 890 1896 secludere,
912 1825 951 1882 nt
964 1813 1021 1903 qui
1035 1812 1090 1880 hie
1105 1815 1238 1903 quidem
1255 1837 1324 1883 non

200 1903 243 1970 de
266 1901 533 1968 secundariorum
555 1901 808 1991 epitomatorum
831 1899 908 1984 (vel,
930 1910 970 1966 ut
983 1901 1048 1966 boc
1062 1907 1137 1965 utar
1150 1898 1325 1982 vocabulo,

200 1987 421 2076 antiquiorum
454 1996 685 2075 excerptorum
717 1983 979 2070 ὃιασκευαστῶν)
1017 1985 1162 2054 sontibus
1198 1986 1325 2140 quaerit
1402 2043 1408 2050 .

201 2096 292 2155 mus,
314 2072 371 2138 sed
394 2072 435 2138 de
458 2072 520 2152 eis,
543 2093 683 2160 quorum
705 2071 761 2160 qui
782 2069 1097 2164 primi'exeerpeudi
1120 2084 1154 2141 et
1168 2071 1199 2140 al
1212 2072 1323 2142 mendi

201 2157 372 2250 negotium
393 2156 618 2225 sustinuerunt
639 2161 734 2249 copia
756 2156 962 2248 suppetebat.

719 2361 747 2451 ξ.
777 2371 807 2436 7.

288 2501 362 2601 Jam
384 2521 557 2590 possemus
578 2499 694 2581 remis,
723 2510 762 2566 ut
783 2501 890 2588 ajunt,
919 2498 1070 2590 velisque
1091 2463 1140 2566 ad
1154 2498 1215 2567 alia
1238 2497 1326 2567 lasti·
1436 2507 1441 2524 '
1481 2569 1482 2582 χ

203 2611 299 2669 nare,
325 2587 387 2653 msi
409 2585 490 2651 utile
511 2577 677 2653 videretur
703 2586 745 2652 ad
767 2609 938 2654 emensum
959 2587 1061 2653 modo
1084 2586 1227 2678 spatium
1246 2610 1332 2678 pau-=

203 2677 309 2742 lulum
336 2697 387 2740 res
412 2672 516 2756 icero,
551 2680 585 2738 et
606 2695 691 2760 quae
716 2671 849 2738 uberius
876 2671 1066 2764 pertractari
1089 2672 1265 2761 oportebat
1292 2672 1327 2740 in

203 2762 339 2828 brevem
354 2697 509 2846 ‘aliquam
539 2779 702 2824 summam
725 2758 935 2842 contrahere,
948 2809 951 2812 -
962 2782 1029 2854 quo
1044 2758 1171 2826 facilius
1194 2757 1328 2825 certius·

202 2870 270 2936 que
302 2843 465 2934 reliquum
499 2842 726 2935 disputationis
756 2867 909 2936 campum
938 2847 1127 2932 percurrere
1155 2867 1327 2934 queamus,

203 2930 341 3000 remotis
363 2931 395 2996 in
418 2939 566 3020 tempore
589 2952 673 3020 quae
693 2929 766 2998 viae
784 2926 1026 3021 impedimento
1047 2933 1119 2998 esse
1134 2931 1239 2999 videri
1252 2931 1328 3033 pos*-

202 3018 280 3086 aint.
330 3015 481 3084 Vidimus
509 3025 620 3084 autem
647 3014 681 3082 in
708 3026 777 3083 tota
804 3015 951 3106 ipsorum
982 3015 1181 3083 scholioriun
1202 3017 1329 3084 Aristo

204 3101 411 3194 phaneorum
434 3101 594 3188 congerie,
617 3101 721 3190 qualis
741 3101 841 3168 bodie
864 3103 898 3168 in
913 3101 1057 3170 Bekkeri
1080 3103 1223 3170 editione
1238 3126 1328 3169 com-

205 3199 315 3294 paret,
339 3189 421 3254 duos
442 3187 672 3254 tantummodo
693 3211 766 3255 csse
788 3189 896 3266 locos,
918 3189 1038 3278 quibus
1061 3189 1179 3256 certius
1195 3187 1329 3278 aliquod

205 3275 364 3344 indicium
373 3275 430 3376 ¹de
454 3273 499 3340 eis
522 3273 668 3342 fontibus
686 3273 845 3342 contineri
859 3273 1017 3350 videatur,
1040 3298 1123 3364 quos
1137 3275 1219 3366 ipsis
1235 3274 1330 3342 scho-

205 3356 309 3428 liastis
332 3361 419 3426 adue
434 3358 577 3442 licuerit;
600 3359 816 3428 eum'fontem
831 3359 935 3426 fuisse
951 3355 1135 3440 ὑπόμνημα
1152 3361 1330 3450 quoddam,

207 3446 427 3516 ascholiastis
451 3469 518 3510 non
541 3446 722 3512 accuratius
744 3447 884 3536 quidam¹
900 3445 1100 3537 descriptum
1122 3457 1157 3528 et
1171 3446 1330 3536 significa-

207 3543 291 3615 tum,
313 3534 411 3599 attila
433 3540 544 3598 tamen
566 3531 795 3621 significatum,
817 3541 855 3599 ut
869 3531 961 3623 plura
978 3537 1050 3622 ejus
1065 3533 1193 3620 generis
1209 3534 1331 3622 scripta
1429 3546 1434 3558 ¹

208 3617 288 3708 ipsis
316 3619 357 3684 ed
385 3641 501 3684 manus
529 3641 596 3684 non
624 3617 726 3685 fuisse
754 3617 809 3685 vcl
835 3618 883 3685 sic
911 3618 1092 3686 certissime
1115 3619 1224 3711 possit
1246 3619 1331 3686 altir-

208 3703 290 3768 mari
303 3707 349 3786 ²),
370 3702 564 3795 praesertim
586 3727 688 3793 quum
709 3701 826 3794 reliqui
847 3703 931 3788 loci,
951 3705 1038 3776 unde
1057 3705 1151 3798 plura
1175 3705 1224 3773 eis
1245 3708 1331 3798 ejus·

208 3819 409 3838 *ιι-

279 3869 307 3936 1)
326 3867 380 3952 Sed
398 3869 571 3929 Stoecbemm
585 3875 613 3928 ai
630 3871 737 3936 audias,
760 3871 795 3930 da
813 3872 956 3948 Sophoclis
974 3845 1003 3930 et
1019 3873 1157 3952 Aristopb.
1174 3876 1245 3932 inter
1266 3877 1331 3932 reti·
1351 3842 1353 3849 i

210 3937 263 3994 bns
280 3955 396 4020 gregoras,
417 3960 444 4016 p.
463 3947 477 3996 l
495 3961 552 4018 seq.
572 3943 624 3999 'am
640 3951 712 4008 tum,
735 3963 816 4019 quum
834 3947 977 4001 ederentur
992 3944 1122 4020 primum,
1140 3895 1333 4020 Aristoplrauis

210 4003 359 4089 oomocdpq
375 4007 476 4063 scholia
494 3961 623 4096 quaedam
642 4014 757 4097 rescripta
775 4011 890 4069 luerunt.
918 4011 982 4096 'Epo
1000 4013 1024 4066 si
1041 4031 1136 4068 varum
1154 4023 1241 4097 esset,
1263 4015 1332 4102 anti·

188 4093 337 4210 natu
350 4075 584 4202 tentetur
597 4079 1251 4216 rtaruennam:usarcir
1264 4085 1332 4206 ,tt

210 4220 247 4296 qt·
258 4220 285 4265 et
302 4208 405 4288 reliqua
428 4210 606 4296 disputassem
613 4169 735 4284 lustra,
760 4229 787 4274 ct
804 4217 873 4276 illud
895 4218 1031 4275 infirmum
1049 4228 1121 4276 essct
1138 4191 1332 4287 apamiarum,

209 4295 375 4347 omrypopor
391 4298 496 4337 nomme
513 4299 540 4337 1n
558 4283 642 4342 schol.
661 4283 732 4342 Nub.
749 4283 767 4343 l.
781 4287 799 4344 l.
817 4287 941 4362 cognosci
959 4288 1088 4343 novitium
1106 4263 1333 4344 scholiastam—

208 4347 247 4402 At
265 4367 332 4422 quae
350 4347 426 4403 affert
444 4348 611 4434 Stoeclrerua·
624 4353 755 4429 opinionis
772 4375 837 4414 auae
855 4363 1024 4430 argumenta,
1042 4365 1070 4410 et
1081 4354 1150 4410 levia
1168 4367 1237 4423 aunt,
1256 4357 1332 4411 etita

108 4461 124 4486 ,¹
210 4425 376 4491 comparata,
402 4425 431 4472 ut
448 4417 476 4475 in
498 4429 726 4498 contractamque
748 4443 780 4478 ue
798 4437 902 4501 partem
924 4427 963 4480 uti
986 4424 1134 4510 cisppssis
1151 4423 1246 4480 eodem
1263 4426 1332 4499 jure.

276 4485 307 4552 2)
329 4481 461 4560 Loquitur
483 4489 553 4546 eninr
575 4488 722 4548 scholiasta
763 4491 811 4550 lut
831 4498 897 4550 103?
919 4491 954 4549 de
980 4510 1042 4562 „vn
1061 4491 1255 4562 υαομνὴμαα,“
1280 4510 1331 4568 qua
