3258 5134
1193 267 1198 298 l

1253 315 1348 391 ²29

218 507 312 587 loco,
334 501 392 571 ubi
412 493 601 582 ὑπόμνημα
613 498 695 568 illud
712 493 988 592 Aristophaneum
1009 519 1052 569 no
1095 500 1279 571 adhibitum
1296 525 1347 572 so

228 595 305 658 lum*
319 590 377 657 sed
395 583 495 656 atiani
515 587 696 655 indicatum
711 597 880 676 tamquam
896 589 967 655 lons
985 611 1057 657 esse
1079 613 1113 656 vr
1139 600 1221 672 etur,
1243 589 1347 658 schol.

227 677 305 746 Pac
318 681 399 758 742,
421 675 633 764 judicandum
656 673 963 760 essejmanil'estum
984 677 1029 754 fit,
1053 673 1081 742 si
1103 676 1176 764 quis
1198 677 1348 765 quaeda

219 765 343 830 eadem
364 783 400 828 ra
422 765 456 828 in
478 759 581 827 schol.
597 759 696 849 Vesp.
719 767 803 831 1035
823 769 995 826 narrantur
1016 763 1050 828 in
1068 762 1349 852 comparationem
1423 785 1429 798 “

225 860 345 917 vocure
366 848 462 929 velit3
483 867 628 935 namquo
650 867 752 934 quum
775 846 859 912 duae
878 846 1035 937 imprimis
1050 849 1122 936 ejus
1136 850 1349 916 versus‘olim

225 934 513 1028 interpretationis
528 932 735 998 increbuisse
758 931 941 1012 videamus,
970 933 1104 999 alteram
1126 933 1238 1000 neseio
1260 956 1349 1003 nuuc

221 1021 362 1111 ¹quidem
389 1022 498 1108 cujus,
532 1029 632 1107 quem
660 1018 839 1084 tamenab
866 1012 1105 1098 taonmaarog
1126 1030 1259 1087 auctore
1281 1039 1349 1089 nou

227 1109 393 1175 diversum
416 1129 487 1172 esse
502 1105 623 1194 judico,
646 1102 782 1191 Didymi
800 1105 945 1187 alteram,
968 1106 1024 1194 qui
1039 1129 1132 1178 suam
1147 1106 1236 1172 illam
1252 1105 1349 1176 inter·-

226 1192 446 1286 pretationem
468 1189 657 1258 doctissime
678 1188 913 1256 illustraverat:
941 1192 1117 1258 scholiasta
1139 1193 1236 1296 Vesp.
1254 1201 1350 1292 1035,

227 1303 327 1370 quem
373 1277 551 1348 robabilius
573 1275 692 1342 saltem
714 1284 765 1342 est
786 1275 952 1344 diversum
974 1301 1073 1380 quam
1096 1299 1164 1344 non
1184 1280 1350 1366 diuersum

229 1389 248 1432 a
270 1301 444 1432 scholiasta
472 1363 549 1429 Pac.
572 1370 635 1434 742
663 1381 753 1444 esse,
785 1371 959 1452 utramque
984 1366 1287 1454 rnterpretationem
1314 1367 1351 1433 iu

227 1471 329 1518 uuam
350 1450 520 1538 conjunxit
542 1458 657 1539 et'pro
680 1448 748 1514 suis
770 1447 931 1528 vendidit,
953 1450 1034 1516 item
1049 1472 1148 1538 quam
1163 1452 1232 1518 sius
1248 1451 1349 1518 dubio

227 1537 374 1626 Didymo
390 1534 533 1602 debebat
547 1533 775 1624 depromptam
790 1555 809 1600 e
823 1534 959 1601 Duridis
974 1536 1077 1602 Samii
1096 1536 1195 1616 tibris,
1211 1532 1259 1603 'ab
1277 1538 1350 1629 ipso
1392 1607 1395 1616 ,

227 1623 403 1692 scholiasta
420 1619 610 1710 numquam,
633 1619 836 1700 mihicrede,
858 1622 1035 1712 usurpatis,
1057 1622 1099 1689 de
1115 1621 1229 1690 Lamia
1246 1648 1352 1691 nerra·

227 1711 352 1777 tion‘em
368 1709 412 1774 ita
428 1709 462 1772 in
477 1731 547 1774 rem
562 1729 656 1792 suam
678 1707 848 1786 convertit,
871 1716 909 1772 ut
930 1706 1020 1792 unde
1036 1707 1100 1800 ipsi
1116 1709 1249 1776 Duridis
1268 1713 1352 1798 ejus·

228 1793 518 1887 que³historiarum
532 1791 688 1859 memoria
704 1792 883 1859 innotuerit
896 1793 1046 1860 studiose
1060 1795 1196 1877 celaret,
1218 1819 1262 1863 ne
1276 1796 1351 1886 quis

222 1882 356 1950 scilicet
377 1880 540 1946 dubitaret
562 1879 733 1960 lectorum,
754 1879 835 1967 quin
857 1901 933 1946 cum
955 1880 1056 1947 docto
1078 1880 1141 1947 sibi
1162 1883 1353 1973 multaeque
1422 1871 1428 1888 ¹

229 1966 381 2036 lectionis
402 1965 473 2030 viro
495 1987 547 2031 res
570 1974 665 2030 esset.
688 1999 731 2012 -
769 1964 863 2049 Quae
885 1988 988 2054 quum
1008 1967 1054 2034 ita
1078 1965 1154 2047 sint,
1177 1969 1248 2057 jure
1271 1968 1352 2036 mihi

223 2055 344 2122 uideor
365 2049 527 2116 affirmare
541 2072 650 2140 posse,
672 2051 946 2116 commentarium
960 2051 1238 2143 Aristophaneum
1252 2055 1351 2122 toties

230 2145 526 2208 commemoratum
547 2135 588 2201 ab
611 2134 659 2200 eis
681 2137 748 2222 jam
769 2133 871 2200 fuisse
891 2145 1101 2228 usurpatumt
1135 2140 1206 2241 qui,
1240 2141 1351 2244 plures
1423 2173 1426 2185 ¹

229 2247 386 2303 numero,
418 2221 515 2313 primi
543 2229 576 2287 et
604 2220 821 2309 antiquissimi
843 2244 862 2288 e
885 2223 1063 2311 majoribus
1086 2233 1120 2291 et
1140 2235 1274 2316 rntegrrs
1298 2250 1351 2294 co·

229 2313 292 2407 piis
314 2311 491 2399 ‘decerptas
518 2307 675 2396 quasdam
704 2307 880 2397 particulas
914 2309 1083 2377 contextui
1112 2311 1350 2403 Aristophaneo

224 2397 466 2486 ascripserunt,
487 2392 771 2482 'scholiorumque
803 2403 989 2460 nostrorum
1027 2405 1178 2462 auctores
1212 2399 1352 2466 extitere

229 2484 405 2586 principes.
432 2517 476 2529 -
517 2479 577 2544 His
605 2489 715 2544 autem
743 2501 846 2567 quum
873 2502 975 2546 unum
1003 2491 1134 2563 tantum
1162 2495 1353 2574 suppeteret
1446 2535 1453 2558 ,

230 2565 425 2648 andan-apoc,
446 2585 509 2630 nae
530 2563 588 2646 illi,
610 2562 666 2653 qui
688 2576 764 2652 post
785 2564 886 2630 hosce
906 2568 1079 2633 recentiori
1102 2577 1248 2660 tempore
1263 2570 1353 2638 idem
1418 2563 1421 2571 ¹

232 2653 386 2723 subibant
406 2648 592 2738 negotium,
616 2650 768 2736 gratulari
783 2649 845 2717 sibi
861 2659 1025 2736 poterant,
1047 2653 1076 2720 si
1092 2663 1125 2720 et
1138 2654 1202 2744 ipsi
1217 2657 1353 2724 unicum

230 2739 320 2808 istud
347 2731 531 2816 ὑπόμνημα
556 2735 644 2802 nacti
677 2733 784 2802 erant‘
799 2759 862 2803 nec
887 2737 980 2818 omni
1007 2741 1169 2828 ejusmodi
1197 2744 1353 2812 carebant

225 2825 370 2908 -aunilioa
388 2821 513 2890 nedum
530 2821 621 2912 plura
639 2819 701 2887 sibi
716 2844 815 2910 quam
832 2823 1069 2913 antiquioribus
1083 2823 1148 2896 illis
1163 2827 1351 2919 adjumenta

232 2922 345 3006 parata
367 2909 437 2978 sore
460 2930 592 3002 sperare
613 2931 759 3000 uuquam
780 2919 926 3001 possent.
1441 2927 1445 2936 ’

748 3114 835 3202 sa·
895 3068 921 3092 “

319 3249 514 3342 Priusquam
542 3258 651 3316 autem
678 3257 789 3332 totum
816 3248 904 3318 bunc
925 3249 1037 3330 locum
1064 3251 1202 3322 missum
1223 3255 1353 3342 faciam,

258 3363 338 3408 auca
366 3338 460 3408 lubet
487 3336 641 3426 adjicere,
673 3355 758 3424 quae
787 3337 917 3426 egregie
944 3361 1056 3404 meum
1084 3340 1165 3407 illud
1192 3344 1353 3431 judicium

234 3364 363 3494 lrrmare
387 3419 500 3503 rideo,
531 3422 620 3510 quod
642 3420 787 3512 ipsorum
810 3423 956 3512 vestigiis
978 3423 1177 3493 scholiorum
1199 3429 1353 3503 insistens

235 3504 513 3591 ὰρλὺπομνήματι
538 3511 602 3574 isto
624 3505 863 3597 Aristophaneo
885 3508 957 3575 tuli.
999 3509 1101 3577 Extat
1122 3512 1210 3580 enim
1231 3515 1265 3582 in
1288 3512 1353 3582 Eu-

235 3596 359 3678 statbii,
391 3596 622 3683 theologorum
649 3593 843 3675 doctissimi,
877 3597 1118 3664 commentariis
1146 3597 1189 3666 ad
1216 3600 1353 3672 Homeri

235 3683 371 3750 Iliadem
392 3681 519 3773 scriptis
543 3679 623 3748 haec
645 3678 925 3770 quantivispretii
948 3683 1148 3764 observatio,
1171 3710 1202 3776 p.
1228 3689 1353 3760 746-Β.

191 3773 196 3782 ’
239 3767 670 3857 ed.1loman.=p.254,
697 3763 867 3854 30Lips.:
905 3761 945 3828 τὸ
973 3765 1008 3828 δὲ
1031 3765 1189 3852 χαίρετον
1215 3766 1354 3856 ἀρχαιο-

235 3847 321 3927 τάτη
345 3847 458 3936 φιλικὴ
480 3847 712 3938 squequaque
732 3845 983 3930 ἐπιοτολιμαῖός
999 3871 1039 3950 3⁸
1060 3855 1118 3916 καὶ
1140 3851 1287 3939 ἑτεροῖα,
1310 3853 1355 3934 ὥς

230 3937 295 3997 ’καὶ
316 3931 334 3997 ὁ
355 3933 495 4017 κωμικὸς
515 3938 572 3997 καὶ
600 3931 619 3998 ὁ
647 3929 735 3996 κατ’
764 3930 895 3997 αὐτὸν
919 3931 1292 4020 ὑπομνηματισμοὺς
1318 3942 1356 4006 ἐν
1401 3975 1403 3980 ·

235 4017 282 4108 τῷ
305 4017 447 4108 Πλούτῳ
471 4019 581 4098 δηλοῖς
614 4046 699 4115 quae
721 4045 788 4089 non
815 4033 873 4108 estj
886 4023 1061 4092 obscurum
1082 4028 1162 4116 quin
1186 4031 1226 4096 ad
1249 4029 1353 4101 schol.

236 4109 323 4177 Plut.
344 4117 408 4179 322
434 4109 638 4198 pertiueautr
666 4108 724 4175 ubi
751 4110 884 4177 tametsi
912 4133 979 4176 non
1007 4112 1130 4201 placuit
1157 4116 1354 4188 scholiastae

234 4195 363 4264 fontem
385 4194 573 4260 eruditionis
596 4215 674 4260 suae
694 4193 857 4279 indicare,
889 4219 955 4263 non
977 4199 1109 4266 videtur
1130 4210 1241 4270 tamen
1263 4205 1354 4270 dubi-

234 4282 296 4348 tari
322 4303 435 4374 posse,
467 4278 547 4369 quin
573 4278 664 4345 idem·
686 4280 766 4346 illud
799 4272 982 4362 ὑπόμνημα
1003 4283 1112 4376 quode
1135 4287 1264 4401 abundq
1286 4292 1354 4380 jam

229 4366 475 4460 ‚disputavimus
498 4388 573 4431 cum
599 4363 773 4444 scholiasta
802 4363 856 4433 bic
877 4392 1010 4458 quoque
1033 4374 1258 4464 excerpserit‚r
1281 4383 1354 4444 tum

233 4451 425 4541 Eustathins
447 4451 588 4518 innuerit
596 4475 605 4533 ;
626 4474 734 4539 neque
757 4451 851 4520 aliter
872 4454 983 4542 judicu
1006 4455 1048 4523 de
1070 4459 1218 4547 ejusdem
1238 4461 1351 4528 Eustar

234 4540 295 4606 thii
318 4538 548 4608 observatione
569 4535 716 4616 inulliad,
738 4534 779 4620 θ,
800 4545 879 4610 441.
897 4564 931 4624 p·
952 4549 1016 4614 722
1037 4543 1133 4612 Rorn.
1152 4571 1197 4608 τ·-
1214 4555 1288 4631 221,
1309 4556 1349 4620 31
