3258 5134
1269 222 1327 298 43.

193 423 342 496 nealecta
365 418 646 493 demonstravero,
668 435 721 480 res
736 411 808 480 erit
828 409 911 487 mihi
931 410 1068 499 integra.
1111 411 1160 480 Ac
1177 409 1322 504 primum

235 491 329 576 idem
351 505 391 572 ad
415 502 609 570 mutandum
630 499 770 566 indicem
785 499 947 566 invitabat
961 498 1064 569 schol.
1079 498 1170 566 Plut.
1185 507 1264 571 782:
1278 533 1325 549 -·

195 577 265 658 tort
286 592 321 652 dd
343 587 383 652 τὸ
404 582 507 668 βάλλ’
531 589 562 660 ἐς
583 579 726 672 κόρακας
748 575 834 688 rrap'
856 577 1021 645 ὑπόνοιαν
1033 583 1278 666 παραποιηθὲϋ
1289 585 1327 644 bs

195 681 255 744 τοῦ
275 672 434 758 βάλλ’,ἐς
455 669 642 755 μακαρίαν,
669 671 745 756 περὶ
766 690 806 732 ov
830 663 982 752 ἀλλαχοῦ
1004 665 1201 746 δεδήλωται,
1235 671 1323 739 vide.

193 770 269 836 bam
292 766 389 834 enim
404 763 444 828 de
467 763 528 828 ista
545 759 684 834 formula
697 759 890 852 ¹expositum
907 781 980 826 esse
996 782 1014 824 a
1029 757 1207 826 scholiasta
1222 757 1324 848 Equi-

193 866 265 928 tum
289 859 370 925 1147
386 871 456 932 ,nec
479 845 580 914 alium
602 855 769 936 praeterea
792 847 825 914 in
849 843 1078 935 superstitibus
1094 843 1324 935 Aristophanis

195 938 313 1007 tabulis
342 945 453 1003 extare
474 933 604 1014 locum,
638 931 695 1021 qui
724 923 766 998 ad
788 930 1016 1023 explicandam
1037 931 1213 1001 fonnulam
1236 955 1324 998 conr·

195 1028 294 1096 mode
322 1022 478 1114 praebere
507 1040 620 1086 ansam
648 1019 829 1108 potuisset;
886 1017 954 1086 uod
981 1016 1010 1085 si
1032 1027 1193 1106 sequutus
1216 1040 1326 1084 essem
1449 1083 1451 1097 ,

195 1109 385 1200 vestigium,
407 1117 484 1198 post
496 1104 639 1195 Equites
655 1104 772 1170 luisset
785 1041 999 1176 mihiquutus
1016 1104 1219 1175 collocanda.
1256 1103 1327 1172 Sed
1386 1105 1398 1124 '

195 1199 274 1274 huic
301 1207 370 1262 tam
397 1217 513 1284 parurn
543 1190 665 1259 diserto
692 1189 883 1260 testimonio
913 1215 980 1258 non
1008 1199 1134 1262 tantam
1162 1191 1332 1265 debebam

196 1275 428 1352 auctoritatem
455 1279 616 1356 tribuere,
648 1301 748 1367 quam
776 1276 904 1345 scholio
926 1277 970 1343 ad
991 1276 1104 1367 Equis.
1126 1287 1210 1350 1011
1233 1275 1327 1366 quod

196 1375 294 1462 supra
316 1371 383 1457 jam
396 1363 620 1467 ‘apposuimus
641 1364 798 1454 quodque
817 1363 953 1431 Plutum
971 1374 1047 1432 ante
1063 1364 1201 1454 Equites
1223 1364 1325 1432 eollo·

163 1522 165 1534 ,
197 1467 304 1522 catam
327 1453 504 1519 fuissene
525 1450 689 1530 affirmat..
715 1462 753 1517 ut
774 1449 868 1520 stulti
890 1452 1022 1520 sitnon
1044 1450 1193 1540 obsequi.
1237 1451 1336 1541 Quo..

159 1583 161 1610 r
197 1542 284 1610 circa
307 1539 346 1606 de
369 1538 459 1612 Pluti
480 1536 607 1604 scholio
630 1547 686 1603 aut
707 1537 753 1604 ita
776 1535 1005 1618 statuendum,
1037 1536 1258 1630 praecessisse
1280 1537 1337 1606 fa-⁴

197 1629 309 1696 bolam
336 1624 436 1690 hodie
464 1623 685 1714 deperditam,
719 1625 812 1714 eujus
840 1623 1035 1712 respiciatur
1061 1623 1337 1706 commentarius„

198 1726 270 1795 aut,
297 1712 388 1804 quod
410 1709 565 1800 equidem
587 1709 715 1778 facilius
738 1709 949 1790 crediderim,
971 1711 1184 1782 scholiastam
1207 1710 1338 1781 librunn

199 1793 369 1890 designare
398 1795 559 1877 voluisse,
595 1797 636 1864 ab
667 1797 885 1888 Aristophane
913 1801 1052 1888 ejusque
1081 1797 1338 1866 commentariis.

198 1898 273 1956 toto
297 1885 391 1954 coelo
413 1884 597 1964 diversum,
624 1884 930 1974 fortasse'aliquam
953 1881 1144 1969 παροιμιῶν
1163 1882 1329 1953 collectio·

199 1997 292 2052 nem,
343 1975 460 2035 u'arurn
482 1968 510 2033 si
531 1967 598 2033 ulla
620 1965 675 2035 hic
696 1993 809 2036 revera
832 1971 1022 2060 respicitur,
1055 1971 1180 2041 nullm
1202 1972 1352 2060 majore.
1441 1993 1448 2017 ⁸

218 1995 439 2140 ¹robabilitatis
472 2053 582 2144 specie
615 2054 734 2144 respici
761 2055 956 2122 crediderim
1008 2079 1085 2123 uam
1113 2057 1262 2144 Didymi.
1286 2059 1334 2106 -··'
1397 2069 1400 2078 ’
1453 2053 1461 2080 ““

199 2085 275 2213 hon
296 2145 372 2235 plus
395 2139 514 2208 deinde
544 2139 635 2232 apud
656 2141 803 2208 animum
825 2166 938 2210 meum
960 2080 1070 2212 villere
1092 2144 1201 2234 potuit
1223 2141 1330 2212 scholi

201 2231 301 2322 Vesp,
324 2237 405 2302 6222
440 2220 639 2307 Κλεώνυμος
667 2220 849 2312 ἅρῥυθμος
875 2228 933 2288 καὶ
959 2221 1094 2311 μακρός.
1132 2223 1332 2314 προείρηται

199 2313 265 2399 γάρ
293 2303 346 2378 iirr
362 2309 500 2398 φαῦλος
520 2295 564 2388 ἦν
577 2308 647 2388 ,τὴν
666 2308 752 2400 ὄψιν
780 2313 837 2376 καὶ
858 2306 1105 2387 κοκοσύνθετος
1125 2311 1165 2376 τὸ
1187 2314 1283 2394 σῶμα
1310 2308 1330 2376 ὁ

200 2401 416 2482 Κλεώνυμος,
437 2439 481 2450 -
509 2418 601 2488 quae·
622 2399 651 2466 si
677 2425 791 2470 revera
819 2401 860 2468 ad
888 2400 1116 2470 commentarii
1143 2401 1331 2491 superstitis

201 2490 312 2558 locum
328 2487 484 2576 ,aliquem
511 2485 682 2564 reserenda
710 2499 805 2568 sunt,
841 2510 909 2555 non
937 2498 1079 2589 possunt
1103 2510 1184 2554 sane
1210 2489 1331 2557 melius

202 2574 301 2642 hodie
324 2597 400 2640 eum
422 2571 491 2638 ullo
514 2571 713 2641 scholiorum
730 2575 805 2643 loco
821 2591 1004 2665 comparari
1019 2599 1119 2729 Qam
1135 2597 1212 2644 cum
1226 2573 1334 2644 schol.

202 2662 262 2730 Av.
287 2666 385 2736 1473,
407 2667 445 2725 ut
467 2657 562 2727 facile
585 2669 676 2726 esset.
697 2661 739 2726 ad
760 2686 816 2730 sus
840 2662 1012 2740 inondum,
1067 2683 1219 2750 esparum
1243 2685 1333 2730 com·

202 2745 399 2816 montorium
428 2766 493 2809 non
522 2747 740 2834 praecessisse
763 2687 904 2830 Avibus,
937 2758 977 2814 ut
998 2749 1063 2840 ipsi
1085 2748 1333 2832 affirmavimus,

203 2832 261 2899 sed
284 2831 394 2920 aliquo
418 2853 473 2897 eas
495 2830 669 2898 intervallo
692 2835 879 2925 excepisse3
904 2856 1020 2903 verum
1041 2835 1106 2902 hoe
1129 2857 1263 2925 quoqne
1285 2834 1333 2903 ni·

203 2918 265 2985 mis
289 2919 454 2984 incertum
475 2917 702 2985 testimonium
726 2921 834 2987 visum
856 2930 921 2999 est,
944 2947 1043 3012 quarn
1060 2932 1097 2988 ut
1134 2945 1197 2988 uae
1213 2945 1255 2988 ex
1269 2921 1334 2990 cla·

203 3003 343 3071 rioribus
365 3002 512 3090 vestigiis
534 3023 631 3095 supra
655 3016 747 3076 eruta
771 3017 823 3074 est
842 3008 1017 3097 utriusque
1039 3008 1093 3074 sab
1130 3031 1169 3074 ae
1192 3007 1334 3076 colloca·

205 3087 251 3158 tio
284 3089 362 3156 inde
395 3089 513 3155 mutari
541 3092 704 3181 queatl).
735 3094 850 3160 'Ideni
882 3095 981 3184 plane
1015 3106 1126 3162 statuo
1157 3094 1201 3161 de
1228 3093 1333 3162 schol.

205 3175 307 3276 Yesp.
334 3183 415 3248 418:
456 3174 531 3257 aspi
564 3172 704 3258 Θεώρου,
719 3178 776 3250 καὶ
796 3174 945 3261 Γοργίου
971 3175 1007 3240 ἐν
1033 3183 1105 3254 τοῖς
1125 3177 1191 3263 πρὸ
1213 3177 1336 3242 τούτου

205 3259 346 3346 reborat.
374 3285 451 3326 nam
475 3261 536 3330 etsi
559 3263 600 3330 de
619 3263 739 3383 Goqeia
761 3290 869 3356 neque
891 3266 925 3334 in
941 3266 1160 3360 Aristophane
1182 3269 1191 3332 i
1218 3291 1255 3334 so
1278 3291 1335 3335 ne-

207 3372 271 3439 que
299 3349 334 3415 in
355 3345 489 3416 scholiis
511 3360 642 3437 praeter
664 3349 849 3442 hesperum
877 3378 1010 3430 versum
1029 3365 1124 3422 'extat
1144 3292 1244 3422 hodie
1266 3353 1336 3422 ulla

206 3433 364 3502 memorio
389 3433 450 3500 nisi
471 3433 505 3500 in
528 3436 587 3501 Av·
609 3445 691 3508 1699
714 3463 789 3505 cum
812 3439 933 3520 schol,
955 3441 1070 3510 multo,
1085 3439 1197 3508 tamon
1219 3440 1335 3534 proba·
1437 3519 1445 3533 ι

207 3521 305 3588 bilius
329 3520 409 3586 mihi
432 3519 614 3587 visum‘est
635 3522 882 3616 videbiturque‚
904 3529 1031 3618 opinor,
1054 3530 1218 3604 omnibus,
1241 3526 1336 3595 scho-

208 3605 337 3672 liastam
358 3605 478 3698 respici
499 3607 644 3676 voluisse
666 3609 708 3678 ad
729 3611 873 3703 aliquam
895 3637 980 3703 quae
1002 3615 1165 3684 interierit
1178 3615 1337 3689 fabulam,

209 3714 277 3761 non
302 3691 342 3758 ad
365 3695 467 3770 Aves,
500 3694 621 3783 quibus
642 3699 858 3786 posteriorem
880 3723 978 3788 quam
1004 3703 1122 3794 Vespis
1146 3703 1256 3770 locum
1279 3723 1349 3767 no-.

210 3788 278 3844 stra
301 3777 477 3877 assignavit
492 3783 706 3885 computatio,
727 3784 857 3852 disertis
871 3787 926 3853 illa
942 3789 1053 3856 fulcita
1068 3788 1289 3856 testimoniis?
1295 3821 1339 3839 ·-

212 3863 370 3963 Qmmum
398 3873 509 3934 autem
535 3871 706 3938 minimam
733 3872 801 3938 vim
823 3873 945 3942 habere
968 3875 1143 3966 oportebat
1163 3893 1221 3942 eos
1243 3872 1339 3942 seho-

211 3948 332 4016 horum
358 3950 468 4030 locos,
503 3975 566 4022 nec
594 3955 718 4025 multos
746 3983 885 4028 numero
917 3985 980 4028 nee
1005 3961 1049 4030 ad
1075 3985 1128 4028 res
1146 3960 1340 4028 admodum
1419 3959 1424 3968 ’

212 4033 367 4104 obscuras
389 4037 609 4126 pertinentes,
631 4044 688 4133 qui
710 4068 813 4135 quum
836 4046 913 4114 alibi
934 4050 1002 4137 jam
1024 4072 1097 4116 esse
1113 4035 1270 4140 expositi
1284 4046 1348 4114 ab·

211 4120 345 4223 firment
365 4145 450 4210 quae
470 4125 601 4216 saepius
616 4130 722 4198 redire
742 4134 828 4224 apud
845 4135 1100 4226 Aristophanem
1115 4138 1233 4216 solenh
1248 4157 1341 4226 pror·
1380 4131 1384 4146 '

213 4230 269 4274 sus
292 4220 455 4276 incertum
478 4220 538 4292 est,
561 4213 602 4279 ad
623 4239 800 4305 quamnam
821 4222 1032 4314 potissimum
1053 4222 1088 4292 id
1109 4247 1214 4316 genus
1228 4245 1348 4294 rerum.

211 4343 415 4358 ..-.....
722 4359 729 4407 t

281 4411 308 4478 1)
326 4409 440 4494 Credam
457 4413 537 4498 igitpr
554 4417 653 4490 polius,
671 4417 844 4501 scholiastarn
859 4428 1013 4502 respexisse
1026 4423 1059 4484 ad
1071 4427 1157 4486 schol·
1169 4390 1285 4486 Achaioi.
1297 4436 1340 4498 88,

116 4559 118 4574 Ι
214 4495 375 4585 quamquam
392 4501 419 4537 er
436 4501 489 4540 noa
505 4494 596 4542 rosnat
613 4503 719 4554 omn1a3
735 4509 848 4565 quoram
865 4493 954 4552 schol·
970 4495 1052 4572 besp.
1069 4497 1088 4556 l.
1105 4497 1125 4556 l.
1143 4501 1300 4556 mentalem
