3250 5144
1016 228 1424 372 101.

173 459 328 566 ctionem
368 462 472 565 ,1111111
493 485 597 567 quum
617 461 653 532 in
675 463 871 564 quibusdam
892 464 975 566 locis
998 485 1113 566 omnes
1131 473 1301 566 quosn03.
1389 553 1392 566 ,

174 573 282 616 vimus
304 548 435 617 codices
457 559 606 640 attingat,
629 574 695 618 non
718 561 916 643 potestnon
938 563 982 618 111
1004 552 1149 641 judicari,
1172 558 1298 638 antiqui

175 659 270 706 exem
295 635 371 702 laris
398 636 489 726 qu'od
517 638 719 727 sequebatur
740 639 960 726 Symmachus
987 639 1148 705 lectiones
1175 657 1297 724 easque
1397 643 1402 662 ‘

172 720 257 790 inter
281 737 336 788 um
358 721 460 804 tales,
483 747 620 814 quarum
642 725 842 815 praestantia
864 725 979 792 statim
1000 724 1035 790 in
1050 721 1297 791 ’11111οεὶ11111-

172 807 232 888 rit,
260 817 625 898 quotcunquenostros
648 811 849 900 descripsere
873 810 1003 878 codices
1023 808 1145 876 librarii
1165 817 1222 880 aut
1240 831 1297 874 no-

172 892 272 962 luisse
296 894 339 959 ad
359 917 463 961 unum
481 918 600 964 omnes
628 899 722 986 quasi
744 898 950 979 con'uratos,
983 906 1040 966 aut
1060 893 1297 985 non'potuisse

172 981 336 1071 recipcrc3
363 1005 504 1070 quorum
527 992 637 1052 utrum
664 921 865 1074 probabilius
893 983 936 1050 sit
965 1006 1029 1050 non
1059 981 1163 1071 lugiet
1184 1003 1296 1070 quem·

172 1089 281 1154 quam.
326 1066 422 1134 Unde
436 1067 585 1158 prolecto
601 1093 641 1136 eo
657 1069 814 1151 coeimur,
837 1079 874 1136 ut
887 1093 930 1136 ne
947 1067 1146 1159 descriptum
1162 1066 1297 1156 quidem

138 1160 140 1166 '
172 1175 238 1218 una
267 1175 343 1219 cum
371 1154 607 1232 commentario
621 1123 814 1222 tabularum
836 1166 1030 1224 contextum
1052 1179 1070 1221 a
1094 1151 1295 1242 Symmacho

172 1237 275 1305 luisse
303 1248 476 1329 putemus;
505 1241 702 1344 praesertim
730 1265 833 1331 quum
854 1241 909 1308 isti
931 1242 1070 1308 alterum
1093 1239 1228 1306 accedat
1249 1261 1296 1304 11-
1397 1273 1400 1280 ·

172 1335 367 1414 gumenturn
391 1327 481 1416 quod
505 1338 584 1394 rtem
610 1351 764 1416 niagnam
785 1327 854 1394 vim
876 1327 985 1394 habet.
1033 1325 1184 1395 Vidimus
1207 1323 1295 1390 enim

171 1433 269 1500 supra
295 1412 442 1480 ordinem
470 1413 564 1480 illurn
587 1415 823 1504 explicaturum
846 1414 1054 1490 fabularum,
1079 1435 1178 1501 quem
1201 1430 1295 1480 accu-

171 1508 241 1562 rate
269 1495 464 1565 scholiastae
488 1510 683 1582 tenuerunt,
720 1525 738 1568 a
766 1497 1068 1587 Symmacho·csse
1097 1497 1294 1650 proiectum.

171 1581 259 1650 Eum
282 1594 392 1650 antem
407 1585 555 1652 ordinem
573 1587 601 1652 si
618 1588 717 1654 etiam
734 1585 769 1652 in
787 1585 1003 1654 describendo
1019 1585 1096 1651 iabu
1112 1600 1202 1649 arum
1219 1604 1297 1648 eon·

171 1678 265 1736 textu
286 1671 449 1738 tenuisset
468 1671 699 1761 Symmachus,
721 1673 882 1740 mirumne
904 1682 992 1738 esset
1013 1671 1216 1748 scholiastes,
1237 1665 1297 1757 qui

170 1763 346 1846 tantopere
373 1756 414 1821 ab
427 1758 636 1830 xauctoritate
659 1758 851 1848 Symmachi
874 1757 1062 1848 pendebant
1083 1757 1117 1822 in
1138 1756 1295 1843 interpre-

42 1855 47 1880 ·
170 1841 284 1921 tando,
305 1865 408 1931 quum
425 1855 617 1912 contextum
633 1845 856 1912 describerent
870 1849 1019 1911 deserere
1039 1866 1115 1909 eum
1129 1838 1295 1908 voluisse?

170 1925 219 1993 Et
239 1951 438 2017 quamquam
460 1940 592 2022 poterat
612 1955 691 1999 sane
713 1933 861 2012 evenire,
887 1942 925 1998 ut
946 1952 1031 1996 unus
1054 1931 1177 1995 alterve
1200 1924 1295 1992 scho-

171 2012 340 2094 liastarum
367 2015 422 2080 vel
450 2016 614 2105 antiquius
637 2017 838 2105 Symmacho
862 2017 1030 2108 exemplar
1051 2013 1312 2083 nancisceretur

171 2098 206 2164 in
233 2122 300 2188 quo
329 2099 393 2168 alio
428 2102 543 2168 ordine
571 2103 756 2192 descriptae
786 2113 887 2192 atquc
918 2104 952 2168 in
980 2099 1173 2192 Symmachi
1206 2121 1294 2165 com-

171 2185 331 2252 mentario
360 2188 541 2278 explicatae
569 2189 699 2257 fabulae
726 2199 853 2256 essent:
874 2227 919 2240 —-·
950 2187 1007 2278 qui
1036 2197 1147 2254 tamen
1171 2185 1294 2250 factum

169 2273 301 2362 probes,
323 2283 361 2338 nt
383 2295 469 2340 omn
479 2297 528 2341 es·
541 2286 622 2364 quot
636 2276 769 2366 quidem
785 2276 967 2342 accuratius
982 2273 1134 2340 novimus
1150 2271 1295 2350 codices,

101 2365 102 2370 ’
169 2360 198 2424 si
209 2357 311 2424 ¹simril
326 2370 438 2426 vetera
458 2361 594 2444 scholia,
616 2361 636 2427 i.
654 2387 681 2430 e.
703 2372 858 2450 excerpta
880 2387 920 2430 ex
937 2358 1137 2446 Symmacho
1157 2357 1294 2450 babent,

170 2444 271 2510 alium
293 2445 476 2512 fabularum
500 2448 757 2538 descriptarum?
772 2451 871 2516 alium
895 2448 1129 2548 explicatorum
1145 2443 1295 2511 ordinem

169 2526 369 2632 sequantur?
396 2531 491 2632 ‘Ergo
515 2534 555 2600 ab
577 2534 639 2602 bac
662 2559 795 2625 quoque
817 2544 910 2626 parte
934 2556 1091 2623 cogimur,
1113 2540 1215 2598 utne
1239 2529 1292 2594 dc·
1328 2575 1331 2592 .
1403 2565 1415 2630 ν’

169 2625 326 2706 scriptum
349 2617 483 2706 quidem
509 2643 574 2686 una
603 2644 680 2688 curu
706 2623 941 2689 commentario
965 2615 1216 2722 Aristophanem
1239 2615 1293 2682 dc-

169 2701 257 2769 disse
279 2703 517 2791 Symmachum
537 2717 709 2797 putemus;
737 2732 829 2785 nam,
849 2745 892 2757 -
913 2731 955 2773 ne
978 2729 1050 2809 quis
1072 2705 1149 2772 ande
1172 2700 1292 2792 praesi-

169 2788 260 2854 dium
277 2795 394 2880 'petere
417 2792 506 2871 velit,
520 2831 564 2842 —-
586 2793 686 2859 alium
707 2794 741 2860 in
764 2803 931 2873 contextu,
955 2795 1056 2860 abum
1076 2790 1109 2857 in
1125 2810 1292 2858 commen-

168 2875 250 2940 tario
280 2876 428 2943 ordinem
451 2877 690 2966 Symmachum
718 2881 879 2959 tenuisse,
913 2891 970 2947 aut
992 2879 1120 2945 diverso
1142 2887 1292 2980 tempore

148 3035 153 3058 .
169 2961 373 3052 diversisque
395 2963 428 3028 in
444 2964 534 3030 libris
549 2976 725 3056 utrumqne
749 2991 825 3032 curn
841 2965 979 3042 dedisse,
1002 2987 1118 3057 parum
1136 2961 1291 3030 credibile

169 3057 232 3113 est.
253 3087 297 3096 -
340 3049 466 3134 Quodsi
489 3050 651 3138 igiturne
674 3053 853 3142 descriptas
868 3052 1002 3140 quidem
1025 3074 1089 3117 una
1112 3073 1186 3116 cum
1202 3071 1290 3115 corn-

168 3132 331 3200 mentario
355 3135 481 3202 fabulas
507 3137 613 3218 dedit,
647 3140 766 3228 justam
790 3140 1008 3227 omnibusque
1030 3136 1173 3204 numeris
1196 3136 1290 3201 abso-

168 3219 272 3286 lutam
309 3219 533 3311 Aristophanis
569 3225 795 3292 recensionem
832 3222 1070 3314 Symmachum
1106 3222 1290 3290 elaborasse

168 3306 396 3398 multoetiam
418 3308 527 3376 minus
548 3310 719 3400 probabile
742 3321 801 3377 est.
824 3349 868 3360 —-·
904 3311 1012 3414 Quam
1035 3319 1145 3376 autem
1166 3307 1210 3376 ita
1226 3316 1290 3374 sta·

167 3400 228 3458 tuo
244 3392 482 3482 Symmachum
496 3395 680 3464 instituisse
694 3397 928 3488 interpretandi
950 3398 1122 3477 rationem,
1144 3417 1218 3461 cam
1233 3417 1290 3462 no-

166 3477 225 3544 lim
253 3480 428 3568 quisquam
457 3481 497 3546 ab
527 3483 671 3572 antiquis
699 3483 763 3550 illis
786 3485 1004 3574 grammaticis
1034 3483 1173 3548 alienam
1194 3479 1291 3570 putet

168 3577 272 3646 csse;'
291 3565 479 3634 meminerit
505 3569 604 3641 modo
633 3563 870 3653 ἐπιμερισμῶν,
903 3571 944 3637 de
967 3592 1108 3659 quorum
1132 3567 1165 3634 vi
1187 3590 1291 3656 quum
1354 3579 1357 3586 '

167 3649 279 3739 plures
301 3651 388 3740 iique
412 3652 593 3720 doctissimi
615 3656 675 3723 viri
692 3657 948 3724 dudum'frustra
966 3653 1213 3746 quaesivissent,
1235 3677 1290 3722 ve·
1403 3716 1409 3728 „

56 3750 63 3764 ·
168 3758 241 3808 rum
270 3738 393 3828 primus
421 3741 589 3831 perspexit
621 3742 656 3807 ni
683 3742 779 3810 fallor
805 3743 1013 3810 Hermannus
1042 3740 1223 3831 Sauppius,
1256 3739 1299 3810 in
1367 3797 1370 3824 ,

168 3819 424 3892 Zimmcrmanni
448 3827 552 3894 diurn.
575 3835 802 3908 18351111,
824 3853 856 3920 p·
872 3832 936 3899 665
952 3852 1011 3917 seq
1037 3877 1056 3908 .,
1077 3826 1222 3914 singulos
1245 3824 1291 3892 11-

167 3903 302 3974 firmans
332 3933 444 4010 versus
476 3913 532 3980 vel
560 3921 714 4015 versuum
741 3915 917 4016 particulas
948 3851 1178 4003 intelligendos
1206 3933 1290 3994 esse,

169 4015 229 4083 per
251 4016 287 4060 se
306 4005 433 4085 positos
456 4009 489 4065 et
512 4023 530 4065 e
553 4010 707 4066 eontmua
722 4011 907 4068 narratione
922 4011 1064 4090 ereptoS,
1080 4023 1170 4099 ¹quos
1187 4022 1290 4100 gram·

168 4076 280 4179 matici
309 4081 593 4179 observationibus
620 4086 705 4170 suis,
741 4089 977 4186 cujuscumque
1001 4086 1126 4186 lueqnt
1152 4108 1291 4184 genens,

168 4164 411 4234 illustraverrnt.
443 4170 491 4234 lta
508 4171 672 4261 Didymus
687 4171 723 4232 ἐν
739 4188 939 4258 επιμερισμῳ
953 4189 1014 4232 του
1035 4188 1160 4251 μηνιν
1179 4165 1292 4232 derbe
1337 4194 1347 4213 ·

168 4247 252 4310 θεὰ
281 4247 488 4329 Πηνελόπην
513 4257 599 4338 φησὶ
619 4254 781 4342 λελέχθαι
801 4257 894 4345 παρὰ
917 4254 956 4321 τὸ
978 4253 1146 4321 πένεσθαι
1165 4252 1205 4318 τὸ
1227 4254 1315 4316 λῶν

168 4353 245 4418 πῡς,
274 4340 455 4406 secundum
478 4340 581 4410 schol.
603 4343 700 4412 Hom.
723 4345 842 4435 Odyss.
865 4342 908 4420 δ,’
928 4353 1007 4426 797,
1034 4345 1105 4412 ie.
1128 4343 1292 4443 Didymus
1355 4352 1360 4358 ’
1473 4397 1485 4422 ,

168 4423 204 4488 in
226 4428 462 4494 commentario
485 4428 700 4520 descripserat
721 4431 817 4498 istam
832 4431 999 4499 Homerici
1021 4455 1135 4498 versus
1151 4440 1292 4522 particu-

169 4509 234 4575 lam
258 4509 502 4600 (lsstdfowntlv)
525 4515 558 4583 in
582 4537 685 4605 caque
707 4516 896 4587 illustranda
921 4528 1100 4608 occupatus
1118 4517 1198 4586 illud
1215 4541 1293 4606 qno
