3258 5134
212 317 219 350 ¹
319 413 322 426 Ι
605 330 609 348 2
1224 315 1284 388 ot

155 519 288 590 quoque
312 495 352 562 tle
375 490 421 556 αὖ
441 506 575 563 moneat
596 493 770 563 scholiasta
788 497 838 576 1);’
856 495 972 582 quodsi
995 519 1112 564 verum
1135 473 1282 591 estspri·

153 606 246 648 mum
280 581 346 648 duo
380 584 458 649 olim
491 581 615 650 scholia
643 584 683 648 ad
712 607 742 646 v.
775 591 837 654 tot
869 582 1017 649 extitisse
1050 586 1279 676 consequitnr;
1372 603 1376 613 ¹

152 679 225 734 tum
239 672 270 750 2)
294 667 485 735 scholiastes
507 692 638 735 versum
659 669 761 734 istum
782 669 826 734 ita
850 669 1007 758 scriptum
1024 669 1206 738 invenisse:
1228 667 1279 734 αὐ

151 749 241 838 λῆψι
252 755 357 838 χρῦσο
369 749 599 836 χαυνοπρώἑπ’
614 751 764 832 'laevam
779 795 821 806 ..-
841 766 1021 845 posu-emo,
1037 755 1071 822 id
1086 753 1174 848 q'uod
1191 781 1278 826 cum.

142 840 294 906 'maxime
328 841 368 906 ad
397 863 467 908 rem
499 853 642 907 nostram
671 851 816 932 spectat,
850 841 930 906 nihil
956 841 989 906 in
1019 842 1278 917 Aeliornensiurn

150 926 285 1016 quidem
308 925 418 994 tabula
440 925 653 1018 praecedere,
688 929 728 992 ad
751 927 840 1017 quod
867 925 1053 994 observatio
1076 930 1135 994 ista
1160 925 1201 994 de
1223 955 1279 1018 ge·
1375 995 1379 1016 ,

150 1012 304 1078 n'eraliori
326 1015 417 1081 vocis
431 1011 541 1086 Ἴωνες
563 1013 695 1080 notione
710 1016 821 1078 tel'erri
836 1013 956 1103 possit3
979 1013 1068 1104 atqui
1085 1037 1126 1079 ne
1141 1015 1175 1082 in
1190 1028 1278 1083 cete·

149 1089 195 1163 rit
224 1085 361 1204 quidelm
391 1124 476 1192 qnae
509 1108 685 1190 supersunt
713 1099 833 1164 fabulis
866 1099 1076 1167 enucleandis
1104 1111 1182 1191 apte
1206 1099 1278 1193 'legi

149 1195 276 1274 potuit,
307 1196 344 1252 ut
365 1187 576 1252 statuendum
600 1186 643 1251 sit
663 1185 864 1263 necessario,
891 1185 1047 1275 scriptam
1070 1210 1143 1252 cam
1167 1187 1276 1256 obser-

148 1271 318 1337 vationem
347 1295 419 1338 esse
447 1274 480 1338 in
508 1271 744 1338 commentario
773 1271 978 1362 ad'aliquam
1001 1269 1160 1355 fabulam,
1188 1298 1274 1364 qtrae

149 1351 252 1424 hodie
267 1357 352 1424 inter
367 1357 553 1450 deperditas
567 1366 768 1424 numeratur.
788 1397 833 1408 —
868 1355 1033 1450 Imprimis
1056 1368 1168 1427 autem
1184 1361 1226 1426 ad
1240 1362 1276 1428 id

148 1464 215 1530 quo
237 1444 339 1510 tendo
361 1445 625 1534 persuadendum
647 1455 761 1535 aptum
784 1453 835 1510 est
856 1443 959 1510 schol.
981 1441 1083 1532 Vesp.
1106 1453 1186 1516 579:
1218 1435 1275 1508 ὅτι
1301 1460 1303 1472 ·

144 1526 302 1608 τραγικὸς
322 1524 501 1614 ὑποκριτὴς
522 1527 540 1589 ὁ
569 1527 721 1612 Οἴαγρος,
744 1524 875 1612 εἴρηται
897 1521 1069 1612 πρότερον,
1108 1554 1273 1622 nusquam

146 1613 235 1680 enim
263 1617 298 1682 in
324 1617 554 1710 superstitibus
578 1615 802 1708 Aristophanis
830 1615 949 1682 fabulis
972 1615 1083 1708 Oiagri
1110 1622 1273 1688 memoria

146 1701 284 1793 repetita
307 1716 367 1785 est,
389 1703 482 1770 utin
505 1703 638 1770 scholiis
661 1725 793 1792 qnoque
815 1702 937 1768 nostris
960 1711 1072 1791 aptum
1089 1702 1201 1769 locum
1223 1704 1271 1770 in-

75 1829 77 1836 ·
143 1787 255 1853 venire
278 1811 344 1855 non
365 1795 520 1881 potuerit,
543 1790 599 1868 sed
617 1792 649 1854 in
669 1788 855 1891 deperditae
872 1787 1008 1877 alicujus
1024 1789 1154 1854 fabulae
1171 1789 1272 1858 inter-

142 1872 328 1962 pretatione
358 1886 510 1966 oporteat
537 1874 685 1966 pluribus
709 1874 809 1941 tuerit
836 1885 1002 1966 exornata.
1023 1913 1068 1923 -
1110 1873 1271 1965 Ejusdem

141 1983 275 2049 prorsus
305 1963 432 2048 generis
467 1971 516 2044 est
544 1963 647 2026 schol.
679 1962 718 2026 ad
748 1963 808 2028 Ar.
836 1969 915 2033 tot:
955 1951 1269 2050 ’stauratium

141 2042 356 2127 πολλαχοῦ
377 2040 578 2129 προεὶπομὲν
600 2041 653 2104 ὅτι
675 2041 764 2122 ξένος
785 2031 890 2117 οὗτος,
925 2053 959 2111 at
979 2045 1013 2111 ln
1035 2044 1155 2114 nostris
1177 2048 1270 2115 fabu.

141 2127 182 2197 lis
206 2143 335 2223 praeter
357 2135 415 2200 Αν.
432 2140 495 2205 764
518 2155 584 2198 non
606 2131 833 2224 perstringitur
854 2132 917 2196 iste
940 2129 1041 2197 homo
1064 2132 1126 2198 nisi
1150 2135 1209 2201 Av.
1225 2143 1267 2208 ll

140 2227 175 2284 et
198 2227 296 2299 1527,
325 2217 449 2285 scholia
472 2229 584 2285 autem
606 2220 647 2285 ad
672 2220 729 2284 hv.
756 2227 795 2288 tl
822 2217 1050 2283 tantummodo
1074 2221 1144 2307 ejus
1166 2219 1267 2287 bisto-

138 2305 221 2370 riam
245 2317 448 2388 enarrarunt,
479 2315 517 2371 ut
538 2316 649 2372 utrum
671 2303 711 2370 de
734 2303 948 2394 superstitum
969 2303 1155 2370 tabularum
1178 2313 1266 2372 com·
1368 2331 1374 2341 ·

135 2392 307 2476 mortariis
321 2391 402 2458 illud
424 2388 594 2471 πολλαχοῦ
608 2385 810 2474 προείπομεν
822 2392 942 2470 valeat,
965 2413 1006 2454 an
1022 2389 1266 2482 deperditarum

87 2504 93 2526 ν
140 2475 365 2566 interpretatio
393 2477 638 2544 comoediarum
666 2475 697 2542 in
721 2476 879 2542 auxilium
900 2474 1011 2541 vocari
1034 2474 1167 2556 debeat,
1197 2499 1266 2558 non

139 2563 248 2650 possit
267 2563 440 2652 quisquam
462 2586 660 2654 magnopere
683 2561 853 2628 haesitare.
899 2559 1002 2628 Porro
1023 2585 1125 2652 quum
1142 2562 1265 2630 Aristo-

137 2645 281 2738 ph'anem
304 2649 406 2714 semel
429 2659 557 2714 tantum
579 2649 620 2714 ad
643 2649 769 2738 scolion
797 2645 864 2707 ποῖ
887 2644 1085 2726 Τελαμῶνος
1113 2647 1263 2718 allusisse

135 2734 308 2820 videamus
331 2733 445 2818 hodie,
475 2733 792 2824 inLysistr.12'37‚
822 2733 942 2814 mirum
966 2745 1054 2800 esset
1075 2734 1108 2800 in
1132 2734 1262 2804 scholio

133 2820 176 2886 ad
199 2819 301 2888 istum
322 2822 434 2888 locum
456 2819 536 2912 legi:
564 2815 648 2902 ἀρχή
671 2834 761 2892 τινος
783 2814 932 2896 onolton,
954 2817 1030 2902 περὶ
1051 2803 1092 2908 οὗ
1114 2815 1263 2896 deditor-

136 2923 194 2966 τοι
214 2901 291 2982 ἤδη,
312 2907 374 2974 nisi
398 2909 437 2972 ad
460 2903 645 2999 deperditas
661 2906 787 2973 fabulas
811 2928 990 2994 eorumque
1007 2906 1260 2976 commentarios

135 2987 317 3084 respexisse
336 2993 545 3060 scholiastam
564 2993 732 3084 probabile
750 3001 845 3059 esset.
866 3031 911 3041 -
944 2990 1010 3058 Sed
1027 2993 1120 3084 plura
1140 3015 1180 3058 ex
1194 2994 1261 3063 hoe

157 3102 253 3146 caere
276 3079 431 3146 afferendi
454 3080 550 3148 facile
573 3081 715 3170 reprimo
737 3079 908 3170 pruritum,
930 3098 984 3152 ne,
1010 3077 1114 3145 semel
1135 3077 1259 3184 lapsus,

133 3101 233 3232 idem
254 3163 325 3256 ipse
342 3176 538 3250 ceterorum,
561 3165 806 3268 quae⁴alioquin
821 3188 887 3231 non
903 3163 1092 3230 vacillaturn
1108 3166 1256 3247 arbitror,

133 3251 290 3319 minuisse
307 3251 423 3318 videar.
461 3253 590 3319 Possim
604 3263 716 3318 erstem
732 3277 765 3317 m
782 3274 820 3318 ea
835 3245 951 3317 relabi
967 3249 1129 3325 facillime.
1153 3275 1258 3342 quum

131 3337 305 3404 nonnullas
334 3338 578 3424 observationes
606 3362 687 3430 quas
716 3337 791 3404 alibi
815 3359 851 3420 se
873 3335 1255 3427 fatenturxproposuisse

131 3423 326 3491 scholiastae
355 3434 412 3490 aut
440 3426 576 3492 elusisse
607 3445 715 3491 meam
745 3423 918 3491 oculorum
940 3422 1046 3488 aciem
1068 3422 1165 3489 facile
1187 3446 1256 3490 ere-

131 3511 283 3591 diderim‚
312 3533 425 3582 revera
450 3509 615 3600 hodieque
637 3519 793 3590 servatas,
816 3520 962 3577 autnon
984 3519 1096 3575 extare
1118 3509 1254 3612 quidem

129 3595 244 3675 hodie,
272 3600 395 3662 sodex
421 3597 696 3687 superstitum
723 3597 908 3682 fabularum
930 3595 1173 3663 commentariis
1195 3607 1254 3664 aut

128 3681 285 3772 temporis
316 3682 434 3774 injuria
462 3694 522 3750 aut
550 3684 688 3750 consilio
716 3681 889 3750 hominum
915 3680 1076 3750 excidisse
1091 3682 1139 3768 8);
1171 3679 1251 3752 hinc
1326 3738 1330 3760 ‚
1447 3718 1452 3730 ·

198 3856 212 3905 1
247 3849 339 3910 Schol.
359 3851 393 3908 ad
411 3852 479 3909 Aah.
498 3859 561 3910 104:
595 3849 629 3912 ὥς
648 3851 780 3920 βάρβαρος
802 3850 831 3901 db
852 3850 884 3902 τὸ
905 3848 940 3901 οὐ
961 3851 1023 3920 ἔφη,
1048 3847 1169 3929 Anptxdr
1190 3849 1250 3904 tirel
1296 3825 1378 3943 All)
1409 3845 1411 3854 ¹

130 3919 209 3982 rtem
227 3919 328 3984 optma,
355 3941 467 3996 quorum
491 3921 556 3978 licet
578 3923 714 4005 corruptio
736 3923 773 3976 sit
794 3919 950 3983 manilesta.
975 3939 1027 3975 non
1048 3929 1197 3976 esttamen
1214 3921 1249 3978 ab
1289 3941 1294 3951 ‘
1351 3921 1399 3945 ’Ἢ

128 3987 276 4042 editoribus
295 3987 397 4044 medela
415 3990 629 4056 subministrata3
650 3998 845 4068 potestantem
864 3989 901 4043 ita
920 3989 1019 4044 scribi:
1036 4017 1071 4033 -
1088 3989 1248 4060 βαρβαρικὸν
1307 4031 1326 4044 ,
1339 4013 1362 4030 -·
1384 4007 1388 4026 t

127 4055 184 4106 ent
202 4056 251 4104 ill·
270 4075 427 4139 quamquam
446 4058 511 4114 latet
529 4059 642 4115 fortasse
659 4057 761 4135 aliquid
780 4078 795 4112 e
835 4056 952 4114 uisitius.

190 4127 221 4193 2)
245 4121 308 4179 Nisi
325 4136 461 4201 praestare
478 4127 584 4200 judices
607 4130 634 4184 in
652 4126 758 4184 scholio
778 4123 953 4184 'scribendum
970 4143 1045 4181 esse:
1071 4120 1106 4174 αὖ
1123 4119 1181 4176 dni
1196 4128 1247 4177 τοῦ

123 4210 166 4264 ες,
188 4191 289 4242 Ἰαοναῦ
307 4213 356 4270 pro
373 4193 471 4253 Ἰάονες.

189 4264 218 4330 3)
236 4261 322 4334 Hujus
341 4265 446 4338 generis
464 4263 643 4320 certissimum
661 4261 812 4340 exemplum
831 4261 959 4318 habemns
977 4260 1004 4316 io
1022 4256 1108 4318 schol.
1124 4255 1243 4332 Itysistr.
1282 4323 1287 4332 ,

121 4335 183 4387 801:
207 4328 254 4381 δύο
271 4332 430 4396 Μυρωνίδαι
446 4327 519 4396 ἦσαν,
536 4329 570 4388 ὥς
588 4335 613 4382 ἐν
628 4339 686 4390 ταῖς
700 4331 938 4394 Ἐκκλησιαζούσαις
956 4327 1105 4392 δεδήλωται.
1139 4328 1195 4384 Sed
1214 4330 1244 4386 in

119 4397 202 4456 schol.
223 4397 257 4456 ad
280 4397 385 4456 Eccles.
408 4405 474 4467 ³0³,
505 4399 551 4456 obi
574 4399 608 4454 ab
631 4401 812 4479 Aristophane
834 4398 946 4456 alterius
968 4407 1070 4454 tentum
1091 4393 1241 4468 lllyrorridis¹

118 4470 216 4522 mentio
235 4469 304 4524 lacta
322 4477 376 4536 est,
394 4468 463 4526 nttit
481 4469 616 4540 ejusmodi
634 4470 716 4525 hodie
733 4469 862 4524 invenias.
878 4501 912 4510 -
947 4465 1089 4522 Praeterea
1107 4467 1241 4522 intertum

115 4555 310 4618 nonnumquam
330 4547 383 4604 est,
401 4535 435 4594 sd
453 4539 672 4596 commentarium
691 4559 725 4595 an
737 4535 772 4595 ed
788 4538 874 4615 ipsius
885 4533 989 4595 l'abulse
1002 4553 1096 4591 versus
1109 4551 1237 4612 respexe-

989 4612 1036 4676 30
1179 4649 1187 4658 .
