3258 5134
319 421 410 492 modi
436 419 558 513 scripta
584 420 771 513 suppetisse
793 419 967 576 probatum
991 423 1041 494 ire
1062 423 1167 518 possit
1193 425 1327 518 aliquis,
1358 427 1442 498 nihil

318 511 352 580 in
382 509 578 582 contrariam
601 519 730 600 partem
756 533 797 578 va
812 520 902 591 eant,
936 511 1116 580 dummodo
1144 533 1186 580 ue
1214 523 1339 582 temere
1366 516 1441 606 quis

318 596 429 664 omnia
442 596 648 678 conturbare,
670 595 741 675 sed,
758 619 826 686 quo
842 595 989 678 omnium
1004 597 1147 666 maxime
1163 622 1246 692 opus
1262 611 1322 684 est,
1343 613 1441 670 caute

317 693 354 752 et
375 692 528 751 accurate
550 705 647 772 agere
669 681 760 749 velit
781 719 824 738 ι·-
856 682 982 750 Verum
997 682 1061 753 hoo
1082 683 1192 776 ipsum
1206 697 1358 754 nostrum
1373 688 1441 755 ost.

316 765 405 838 e‘iom
430 791 546 861 severe
573 768 744 850 admonet,
776 779 815 837 ut
835 791 878 836 ne
905 769 985 838 alias
1013 775 1221 860 quaestiones
1243 773 1340 855 duas,
1372 797 1442 842 non

314 857 458 928 minutas
485 855 558 921 illas
584 878 647 922 nee
673 854 802 925 minimi
823 855 858 922 in
878 879 950 922 rem
970 866 1117 924 nostram
1140 860 1315 942 momenti,
1349 863 1438 952 cupi-

315 941 723 1041 dius‘praetermittamus.
768 941 857 1014 Quid
884 941 995 1010 enim?
1029 945 1159 1011 idemne
1172 946 1287 1045 ,possit
1309 946 1350 1013 de
1371 970 1439 1015 nno

177 1064 180 1072 ·
198 1077 207 1100 ,
313 1029 371 1096 illo
384 1023 601 1108 υπομνήματι
615 1027 726 1110 statui,
747 1027 836 1116 quod
855 1027 897 1095 de
912 1029 1029 1096 ceteris
1047 1023 1286 1111 ὑπομνημασιν
1303 1030 1348 1100 ita
1363 1032 1441 1098 sim.

312 1115 452 1210 pliciter,
475 1137 537 1182 nee
559 1113 680 1182 additis
699 1125 869 1182 auctorum
885 1115 1083 1199 nominihus,
1105 1117 1211 1200 citatis
1227 1117 1440 1186 statuendum

313 1201 473 1280 vidimus,
506 1201 707 1302 antiquiores
734 1201 966 1288 intelligendos
988 1225 1063 1270 esse
1085 1202 1199 1282 libros,
1232 1228 1332 1304 quam
1354 1227 1440 1294 quos

312 1287 507 1356 scholiastes
535 1309 604 1353 surs
632 1286 724 1377 ipsos
751 1289 903 1354 manibus
931 1299 1089 1356 tractasse
1117 1287 1293 1358 verisirmle
1315 1288 1374 1372 sit,
1395 1330 1441 1342 -

312 1375 398 1450 adeo
414 1385 458 1441 ut
479 1374 568 1444 huno
589 1374 865 1442 commentarium
887 1383 1015 1442 tontum
1038 1374 1124 1443 absit
1144 1387 1183 1444 ut
1204 1376 1268 1466 ipsi
1288 1376 1439 1468 inspexe-

312 1462 388 1543 rint,
410 1473 448 1530 ut
469 1458 552 1526 nihil
574 1458 639 1528 nisi
659 1459 908 1530 ohservationes
931 1460 1091 1549 quasdam
1113 1483 1131 1527 a
1152 1462 1263 1530 neseio
1279 1463 1439 1552 quoinde

312 1558 485 1638 excerptas
507 1544 698 1628 habuerint,
731 1569 813 1635 quas
835 1545 953 1612 iisdem
974 1547 1096 1637 quibus
1123 1547 1308 1617 invenerint
1328 1549 1439 1616 verbis

311 1635 450 1724 scriptas
479 1631 721 1722 exemplaribus
744 1631 991 1723 Aristophaneis
1015 1633 1205 1700 addiderint
1227 1669 1271 1682 --
1313 1634 1439 1702 Verum

271 1772 273 1776 .
310 1724 384 1811 ejus
407 1718 570 1811 opinionis
592 1719 650 1806 qui
672 1717 890 1808 patrocinium
914 1719 1082 1810 suscipere
1104 1722 1201 1800 velit,
1234 1720 1264 1786 ei
1286 1721 1366 1810 quid
1388 1745 1438 1788 re-

310 1807 491 1899 spondeam
513 1804 620 1872 haheo
642 1804 697 1872 vel
720 1803 830 1895 potins
853 1804 895 1871 de
916 1828 984 1894 quo
1005 1806 1197 1897 responderi
1212 1806 1293 1873 mihi
1307 1808 1348 1876 ab
1364 1807 1437 1899 ipso

309 1891 421 1964 velim.
470 1891 675 1958 Perlibenter
700 1890 790 1958 enim
812 1891 965 1981 equidem
988 1895 1070 1959 scire
1094 1893 1241 1983 cupiam,
1268 1892 1325 1982 qui
1348 1917 1437 1960 com-

310 1977 491 2048 mentarius
513 1976 681 2066 quomodo
710 2000 777 2044 non
807 1977 1021 2044 ascholiasta
1050 1979 1176 2068 aliquo,
1211 1979 1268 2045 sed
1293 1979 1334 2045 ab
1356 1979 1436 2047 anti-

310 2091 377 2157 quo
400 2066 510 2155 aliquo
532 2063 713 2152 interprete
732 2063 780 2132 ita
795 2062 989 2155 simpliciter
1002 2065 1146 2155 potuerit
1160 2065 1194 2132 in
1209 2063 1437 2132 testimonium

309 2154 431 2232 vocari,
454 2174 553 2240 quem
575 2151 654 2216 satis
675 2173 830 2237 magnam
853 2151 1166 2218 commentariorum
1187 2153 1318 2240 copiam
1331 2152 1365 2218 in
1381 2175 1436 2219 ex-

309 2237 462 2332 plicando
477 2235 698 2325 Aristophane
721 2233 913 2302 adhibuisse
935 2260 1013 2304 eum
1032 2260 1074 2303 ex
1092 2247 1185 2328 parte
1200 2239 1267 2326 jam
1281 2237 1433 2318 vidimus,

309 2337 385 2394 tirm
416 2332 532 2416 postea
565 2323 666 2389 etiam
699 2321 817 2388 elarius
845 2321 1033 2412 apparebit3
1066 2325 1161 2411 cujus
1189 2324 1323 2390 tandem
1349 2324 1435 2390 inter

309 2413 435 2505 priores
463 2409 658 2499 interpretes
684 2400 868 2486 ὑπόμνημα
893 2417 1023 2474 tantam
1050 2408 1212 2499 potuisset
1237 2409 1359 2476 lamam
1380 2433 1435 2476 na-

310 2509 403 2569 ctum
425 2519 499 2563 esse
520 2505 656 2583 tamque
678 2495 764 2561 clara
788 2503 822 2560 et
845 2493 992 2560 omnium
1009 2515 1171 2561 consensu
1186 2496 1348 2562 celebrata
1365 2487 1451 2564 erus

310 2584 443 2652 ditionis
466 2582 577 2671 specie
599 2580 773 2661 excellere,
794 2589 842 2646 ut.
856 2579 937 2648 nihil
957 2579 1145 2647 timendum
1161 2591 1248 2647 esset
1262 2581 1434 2672 posteriori

309 2669 482 2760 interpreti
509 2676 547 2733 ut
578 2664 633 2732 vel
661 2665 782 2732 omisso
811 2665 952 2732 auctoris
980 2668 1113 2733 nomine
1147 2667 1295 2734 omnium
1321 2677 1435 2736 tamen

309 2781 377 2826 uno
400 2775 564 2823 consensu
587 2750 699 2852 opinio
722 2751 762 2817 ad
784 2775 901 2818 verum
922 2745 1162 2831 ὑπομνήματθς
1182 2763 1351 2820 auctorem
1374 2755 1434 2820 ler-

195 2905 200 2926 ,
308 2842 421 2911 retur?
464 2838 517 2906 Ad
545 2861 629 2927 quae
656 2861 686 2903 sr
712 2836 904 2926 responderi
930 2835 1012 2904 mihi
1038 2837 1140 2905 velim
1166 2861 1233 2905 non
1256 2839 1356 2906 credo
1378 2863 1433 2906 me

311 2931 515 2998 Graecorum
536 2924 640 2991 instar
660 2922 747 2991 male
769 2923 961 2990 feriatorum
984 2925 1024 2992 de
1046 2924 1200 2991 Sirenum
1222 2936 1322 2992 cantu
1337 2949 1434 3015 quae-

308 3039 392 3097 rere,
415 3022 472 3080 aut
493 3011 521 3078 si
543 3035 608 3100 qua
623 3010 685 3076 alia
702 3010 851 3100 quaestio
867 3008 1045 3098 excogitari
1060 3019 1291 3112 potestasque
1305 3011 1435 3096 inepta;
1556 3047 1557 3054 2

309 3124 418 3193 neque
447 3097 538 3165 enim
564 3120 641 3189 qum
668 3119 833 3188 prorsus
860 3095 976 3184 ignoto
1003 3095 1138 3163 homine
1160 3096 1260 3163 nobrs
1286 3121 1340 3163 res
1366 3107 1433 3176 est;

308 3209 387 3256 nam
408 3183 491 3254 vixit
517 3199 580 3244 του
601 3176 842 3262 &nominatos
869 3191 984 3250 auctor
1005 3181 1149 3270 Didymo
1172 3193 1205 3248 et
1227 3183 1344 3250 ceteris
1365 3183 1434 3274 ple-

308 3277 420 3366 risque
442 3267 595 3338 omnibus
609 3267 835 3360 Aristophanis
854 3265 1086 3358 interpretibus
1103 3268 1267 3346 recentior
1282 3269 1328 3352 ¹);
1349 3268 1433 3360 ipse-

308 3357 541 3452 quaeritisne,
577 3378 614 3421 se
643 3354 865 3445 antiquiorum
891 3353 1174 3422 observationibus
1201 3355 1323 3422 dehere
1351 3354 1433 3421 rnul-

308 3460 391 3517 tum.
441 3441 594 3533 Ineptine
620 3439 721 3530 igitur
745 3450 796 3508 est
817 3450 852 3508 et
872 3441 958 3507 male
980 3438 1086 3506 feriati
1107 3441 1153 3506 ita
1175 3463 1348 3530 quaerere,
1375 3440 1433 3530 qui

308 3534 384 3602 talis
404 3531 565 3620 interpres
588 3525 732 3620 potuerit
752 3550 801 3610 ea,
824 3549 889 3618 qua
904 3525 983 3610 dixi,
1004 3525 1183 3594 honorifica
1198 3526 1368 3595 mentione
1390 3527 1432 3593 ab

308 3665 513 3686 μ

308 3735 360 3793 sim
379 3731 427 3790 lici
449 3729 667 3788 denominatione
689 3729 719 3785 in
732 3727 831 3806 ‘aliqua
852 3726 1043 3848 inoprqrdeos
1063 3729 1139 3804 copia
1161 3730 1202 3786 nti
1223 3749 1276 3786 non
1292 3729 1435 3808 potuisset.

201 3856 205 3867 .
308 3803 346 3862 At
369 3823 398 3860 m
415 3799 501 3858 schol.
519 3798 583 3855 Pac.
601 3804 653 3855 7112
675 3800 772 3859 citatur
793 3818 857 3855 sane
880 3839 897 3867 „
919 3799 1064 3866 πομνημα“
1086 3795 1336 3870 (nereditatem),
1362 3795 1434 3874 qood

309 3873 399 3929 donno
416 3867 576 3927 conturbare
592 3868 680 3922 omnia
698 3869 821 3924 minatur.
857 3865 913 3923 sed
929 3886 1034 3935 vereor,
1051 3883 1086 3922 ne
1098 3865 1240 3924 articulum
1251 3878 1297 3924 aut
1307 3867 1433 3922 librarius

309 3941 408 4016 aliquis
426 3948 471 3994 aut
487 3941 546 4014 ipso
564 3935 708 3994 scholiasta
726 3935 797 3991 male
814 3936 951 4006 omiserit3
972 3933 1000 3992 it
1017 3937 1048 3990 ut
1064 3944 1178 3990 statuam
1195 3935 1262 3993 illud
1279 3941 1432 4000 memoret,

309 4007 383 4132 ‘¹⁰3⁶
400 4005 530 4074 ³”‘¹⁰“¹“⁸
547 4002 1434 4140 ‘tt0¹⁰ttt⁰tittittett,itttttittttttttttttt

267 4205 269 4210 ,
308 4095 412 4212 bimbil,
431 4094 667 4199 bbbislibieairitem
688 4140 811 4197 omnihus
837 4142 999 4216 argumentis
1024 4143 1118 4217 eisque
1132 4091 1434 4197 1ιΙίιιιιιὶοθὶἰιῗιιίεείιιιίε

309 4220 549 4354 repalimbamque
565 4278 654 4353 ipsum
671 4273 819 4352 Didymnm
837 4276 916 4360 citari
935 4277 967 4359 in·
979 4272 1143 4344 ὑπομνήματι
1160 4275 1226 4342 isto,
1247 4273 1432 4358 probabiliter,

309 4352 419 4429 opinor,
444 4367 524 4421 supra
544 4347 636 4405 statui.
675 4345 747 4419 Ergo
767 4364 820 4429 non
837 4355 926 4421 potuit
941 4364 1001 4428 oJus
1019 4353 1112 4401 auctor
1129 4343 1246 4428 Didymo
1264 4341 1432 4418 relnqursque

309 4417 502 4492 interpretibus
518 4415 649 4492 plurimis,
667 4433 734 4488 quos
746 4413 881 4490 Didymus
898 4423 1006 4493 excepit
1022 4412 1130 4472 demum
1148 4415 1192 4483 (ut
1207 4410 1275 4470 rnfra
1292 4429 1327 4468 ex
1339 4429 1432 4468 eorum
1532 4429 1533 4432 ¹

309 4492 430 4564 catalogo
448 4481 614 4564 apparebit),
636 4482 773 4558 antiquior
789 4501 859 4540 esse.
1080 4484 1087 4505 ¹
1207 4527 1211 4534 .
