3258 5134
304 423 413 492 ¹aliena
435 435 500 509 est,
532 433 645 492 tamen
670 419 778 516 rre'quo
805 419 905 494 allam
932 419 1034 493 ullam
1056 422 1222 515 hodieque
1245 433 1356 493 extare
1378 442 1427 491 ar-

298 511 408 578 -bitror
433 511 666 580 collectionem
690 513 725 578 in
752 535 816 602 qua
842 512 1048 600 frequentius
1076 513 1164 578 istud
1190 510 1429 601 interpretandi

298 619 410 686 ‘genus
444 597 663 689 conspiciatur
694 619 794 701 quam
825 598 861 664 in
889 598 1200 689 Aristophaneorum
1224 595 1429 688 scholiorum

298 684 474 771 ¹congerie,
504 707 628 774 neque,
656 683 714 751 ubr
736 685 914 764 invenitur,
942 683 1032 750 omni
1054 683 1291 774 probabilitatis
1314 681 1428 772 specie

303 769 463 836 destituta
486 780 537 836 est
558 771 717 860 suspicio,
746 771 908 860 ejusmodi
932 768 1055 836 scholia
1077 793 1121 836 ex
1142 769 1349 836 uberioribus
1372 791 1428 832 an·

304 855 483 946 tiquiorum
499 859 788 944 grammaticorum
804 857 908 947 copiis
923 856 1067 938 fluxisse,
1090 855 1147 944 qui
1161 865 1323 946 perpetuo
1339 875 1428 920 com-

303 943 465 1009 mentario
493 949 550 1022 (ut
571 943 670 1010 hodie
697 942 788 1032 loqui
816 953 927 1010 amant
947 965 1062 1033 parum
1083 942 1204 1026 latine)
1232 942 1428 1030 scriptorem

299 1029 565 1119 explanaverint,
587 1051 698 1118 neque
719 1052 793 1097 eam
815 1030 856 1094 ad
878 1029 958 1096 alias
980 1030 1015 1118 in
1038 1028 1155 1095 eodem
1177 1029 1335 1118 scriptore
1352 1048 1428 1128 pro·

304 1117 431 1204 positas
459 1116 705 1184 observationes
725 1115 930 1182 amandandi
957 1114 1231 1200 consuetudinem
1252 1137 1272 1178 a
1293 1111 1428 1180 novitiis

305 1202 441 1268 demum
462 1202 546 1268 inter
571 1205 711 1284 retibus,
739 1200 932 1268 scholiastes
955 1202 1046 1280 dico,
1071 1202 1235 1268 invectam
1260 1221 1347 1280 esse,
1393 1196 1428 1263 ui

304 1288 368 1355 uisi
391 1289 520 1376 egregie
542 1225 637 1355 lillor
662 1288 953 1354 tametsi'frustula
982 1287 1105 1376 ubique
1134 1297 1168 1354 ct
1189 1287 1351 1352 lautarum
1370 1221 1427 1349 da·

304 1374 395 1466 pium
418 1376 598 1463 fragmenta
621 1397 814 1465 apposuere,
836 1384 949 1441 tamen
970 1374 1053 1440 haec
1074 1373 1145 1464 ipsa
1165 1373 1301 1440 frustula
1317 1371 1427 1436 denuo

305 1460 467 1528 dissecare
494 1460 646 1527 minutim
671 1461 878 1549 dissectaque
906 1459 969 1526 alia
1002 1459 1078 1526 alibi
1107 1481 1291 1561 proponere
1318 1455 1426 1524 minus

272 1547 274 1560 ’
303 1546 497 1626 studebant,
526 1570 625 1636 quam
645 1546 680 1612 in
703 1569 806 1613 uuum
833 1547 942 1614 omnia
965 1569 1049 1635 quae
1076 1555 1199 1612 scirent
1219 1545 1329 1610 locum
1352 1563 1427 1610 con·

304 1631 402 1714 ferre,
424 1655 532 1722 neque
555 1642 644 1698 tanta
663 1655 807 1730 unquam
825 1632 966 1720 agebant
980 1632 1197 1722 accuratione,
1217 1641 1256 1696 ut
1270 1629 1321 1696 bis
1335 1639 1427 1696 terve

305 1719 421 1788 eadem
444 1743 480 1785 se
501 1728 659 1785 tractasse
685 1719 906 1800 necessarium
928 1719 1086 1785 ducerent
1106 1739 1252 1784 monere.
1273 1753 1318 1765 —-
1360 1714 1429 1783 Sed

330 1829 391 1873 uae
417 1803 495 1872 alibi
522 1827 588 1871 non
615 1803 838 1894 improbabilis
860 1804 1011 1870 fortassis
1036 1815 1088 1871 est
1109 1802 1269 1892 suspicio,
1298 1801 1332 1868 in
1356 1805 1428 1889 ejus

304 1829 417 1960 lbdum
438 1894 473 1958 in
488 1889 734 1980 Aristophaneis
750 1888 883 1956 scholiis
898 1891 1074 1958 succedere
1088 1898 1200 1981 potest
1213 1905 1427 1979 perseverans

306 1977 491 2044 affirmatio.
535 1976 681 2042 Primum
705 1976 792 2042 enim
814 1975 895 2041 illud
917 1977 1103 2044 considera:
1130 1978 1271 2043 citantur
1285 1973 1319 2039 iu
1334 1975 1426 2040 scho-

305 2063 359 2131 liis
387 2062 613 2132 commentarii
641 2062 804 2129 adunam
831 2062 1009 2129 alteramve
1031 2058 1260 2153 Aristophanis
1282 2058 1428 2126 fabulam

306 2149 495 2241 conscripti,
517 2173 601 2239 quae
617 2147 760 2230 fabulae,
783 2148 811 2215 si
833 2149 912 2237 quid
933 2159 1083 2216 veterum
1106 2149 1301 2237 scriptorum
1316 2145 1428 2212 rariori

308 2259 420 2322 earu-m
441 2235 621 2302 memoriae
643 2233 741 2300 tribui
764 2243 889 2324 potest,
921 2244 992 2302 tum
1015 2233 1042 2300 si
1066 2257 1107 2300 ex
1128 2233 1279 2301 codicum
1303 2242 1429 2299 nostro·

305 2347 380 2390 rum
403 2323 457 2390 v'el
478 2318 774 2388 retustissimorum
796 2329 830 2386 et
843 2319 1079 2386 ditissimorum
1095 2318 1230 2411 penuria
1245 2317 1429 2384 fabularum

304 2408 389 2476 certi
411 2407 581 2498 quidpiam
609 2405 718 2494 colligi
741 2406 833 2485 licet,
854 2445 899 2456 —-
924 2429 992 2472 norr
1013 2408 1123 2473 solum
1144 2405 1243 2472 hodie
1264 2403 1353 2473 inter
1374 2404 1429 2470 de-

307 2495 452 2650 perditas
474 2492 637 2560 nunterari
660 2493 797 2570 dehent,
819 2492 946 2559 sedvel
961 2491 1199 2581 antiquioribus
1215 2492 1319 2558 multo
1335 2489 1428 2556 scho-

323 2591 478 2647 rastarum
504 2578 707 2670 temporibus
735 2578 859 2644 dudum
886 2578 1048 2645 desierant
1069 2578 1135 2668 legi
1156 2588 1255 2666 atque
1277 2575 1426 2658 describi,

1169 313 1175 345 l

183 2707 186 2712 ·
307 2666 472 2734 Holcades
495 2665 568 2731 dico
584 2674 619 2732 et
634 2662 813 2746 Danaides3
836 2688 912 2730 nam
927 2665 1017 2753 quod
1030 2663 1300 2732 Hemsterbusius
1318 2664 1345 2745 ¹)
1369 2663 1426 2730 l’e-

258 2785 262 2796 ·
309 2754 474 2842 largorum
490 2775 622 2840 quoque
640 2749 730 2816 citari
753 2751 1022 2840 commentarium
1045 2751 1219 2840 aliquando
1236 2750 1374 2837 putabat
1393 2749 1428 2844 iu

311 2840 415 2906 schol.
437 2833 528 2908 Plutss
546 2845 625 2908 665:
662 2830 861 2910 Νεοκλείδης
888 2825 935 2908 εἰς
961 2832 1070 2898 πολλὰ
1096 2830 1346 2916 κεκωμῴδηται,
1382 2852 1429 2906 εις

260 2999 262 3002 ¹
320 2919 449 3006 ‘ricopon
471 2921 528 2982 καὶ
549 2921 592 2983 τὰ
615 2914 762 3000 δημόσια
781 2919 973 2998 κλέπτοντα,
995 2921 1052 2983 καὶ
1066 2919 1169 3004 ξένον,
1190 2922 1247 2984 καὶ
1260 2917 1322 2994 τὰς
1333 2915 1429 3005 ὄψεις

310 2944 551 3090 lslwssn'pr'uov.
594 3003 758 3091 εἴρηται
784 3005 825 3068 δὲ
852 3006 921 3069 καὶ
941 3003 985 3068 ἐν
1006 3005 1245 3093 Πελαργοῖς
1270 3005 1346 3091 περὶ
1367 3000 1429 3066 αὐ-

310 3095 383 3176 τοῦ,
407 3086 462 3157 ὅτι
483 3090 591 3179 ῥήτωρ
614 3091 670 3155 καὶ
691 3085 911 3180 φυκοφάντηδ,
924 3133 968 3142 —-
988 3095 1107 3161 mirum
1124 3105 1174 3162 est
1188 3094 1251 3163 hoc
1265 3092 1440 3187 placuisse,

310 3183 366 3252 cui
388 3206 461 3250 raro
483 3180 589 3247 aliena
610 3182 756 3269 placent,
785 3181 822 3248 F.
845 3181 886 3250 V.
908 3179 1091 3248 Fritzschio
1106 3183 1151 3266 2),
1180 3185 1273 3249 cu'us
1296 3178 1428 3269 quidem

311 3291 485 3338 assensum
513 3267 542 3333 si
563 3267 718 3354 loquendi
739 3289 819 3334 usus
841 3265 946 3357 qualis
967 3267 1002 3333 in
1023 3265 1113 3334 hisce
1140 3207 1273 3335 scholiis
1302 3266 1429 3332 obtinet

309 3357 474 3423 retardare
496 3376 563 3420 non
585 3341 715 3441 poterit
729 3355 775 3434 ³),
798 3364 886 3420 certe
907 3350 1148 3442 ipsius'scholii
1169 3355 1273 3421 forma
1288 3352 1429 3419 debebat

311 3441 482 3541 cohihere,
505 3462 609 3528 quum
632 3438 719 3503 enirn
740 3440 843 3506 semel
864 3439 1000 3507 dixisset
1020 3439 1211 3507 scholiasta:
1238 3431 1429 3524 κεκωμῴδη-

277 3560 281 3573 ,
312 3544 372 3588 wc
393 3517 441 3598 εἷς
463 3518 602 3610 ρὴτορα,
623 3546 665 3590 ex
686 3535 779 3628 parte
801 3526 920 3592 saltem
941 3527 1037 3616 plane
1059 3527 1261 3616 superfluum
1284 3534 1353 3591 erat
1373 3521 1428 3590 ad-

313 3613 401 3692 dere,
429 3613 463 3678 in
486 3610 728 3678 commentariis
751 3611 792 3677 ad
813 3611 970 3702 Pelargos
991 3634 1123 3702 quoque
1145 3612 1227 3702 legi,
1248 3609 1429 3678 Neoclides

313 3699 479 3767 rhetora
495 3707 529 3764 et
540 3697 777 3786 sycophantam
787 3697 1118 3790 fuisse‚praesertimi
1142 3698 1209 3764 sius
1221 3696 1349 3764 fabulae
1362 3717 1430 3764 ver·

314 3785 406 3854 sibus
429 3783 567 3852 omissis.
611 3785 802 3852 Praestabat
822 3784 920 3874 igitur
940 3783 976 3851 irr
997 3785 1096 3850 altera
1117 3721 1354 3852 llemsterhusii
1377 3803 1430 3846 ex·

313 3872 491 3963 plicatione
513 3869 735 3962 acquiescere,
762 3869 898 3964 „ipsum
912 3867 1163 3962 Aristophanem
1183 3865 1219 3932 ἐν
1241 3865 1431 3955 ueneror

286 4149 289 4156 Ι
384 4073 414 4141 1)
431 4072 585 4132 Hemsterh.
602 4075 635 4132 ad
652 4074 723 4132 Plut
740 4096 767 4152 p.
783 4080 843 4140 223,
861 4073 888 4130 b.
905 4071 980 4152 Lips.

381 4143 411 4205 2)
429 4139 577 4208 Fritasche,
595 4143 629 4200 de
647 4144 786 4220 Aristoph.
804 4142 935 4214 Pelargls,
953 4148 980 4198 in
997 4141 1112 4202 (tuaest.
1128 4141 1265 4227 Aristoph.
1282 4141 1305 4198 l.
1323 4161 1351 4221 p.
1367 4144 1410 4198 87.

381 4212 410 4278 3)
429 4213 497 4267 Sunt
514 4213 586 4267 enirn
603 4214 670 4269 satis
687 4221 758 4270 certa
777 4213 911 4288 exempla,
935 4211 1033 4288 quibos
1049 4211 1181 4284 ejusmodi
1198 4231 1264 4290 quas
1281 4211 1325 4268 hic
1342 4209 1430 4285 scqui-
1456 4235 1460 4242 ·

315 4297 375 4334 mur
393 4277 525 4347 formulis,
543 4284 642 4350 εἴρηται
659 4291 722 4349 ete,
744 4281 826 4336 etiam
844 4280 877 4336 ad
894 4282 982 4356 ipsum
999 4288 1161 4347 contextum,
1180 4299 1232 4336 non
1250 4279 1282 4336 ad
1300 4297 1432 4334 commen·

316 4348 398 4470 qaoqips
419 4349 555 4472 qrvspilcprpp
578 4349 858 4474 ε]«ἒ1ἰῑοέ8;ε1κ)ὶίκεξκεΙ
875 4367 936 4471 eosq
960 4347 1159 4476 oppalqequvcl.
1176 4345 1362 4473 m8431⁰3⁸⁰h⁰i
1379 4345 1432 4466 {¹¹0³

390 4437 876 4485 ,.,.‚rrs
1074 4435 1352 4473 ..teror

315 4486 410 4537 τούτου
427 4437 815 4560 δεδιδαγμένοιςίῖδράμασέεῃὲἷ
824 4435 1088 4560 ¹iioldduripndrlspcqrbu.
1124 4435 1172 4498 esp
1354 4435 1366 4477 ς
1402 4432 1416 4484 ρ
