3258 5134
1208 201 1289 336 ,ar
1336 361 1341 368 ι

159 449 247 521 bitur
273 444 381 514 simile
408 464 468 513 rua
495 439 622 512 scholia
643 439 818 509 Musarum
839 440 1006 510 invenisse
1027 441 1150 512 talibus
1173 443 1292 514 codici-

159 536 222 602 bus
249 534 408 623 ascripta‚
440 550 586 620 quorum
611 530 692 596 ordo
719 526 904 598 fabularum
931 531 1076 598 indicato
1098 532 1133 600 in
1155 532 1289 604 scholiis

161 619 267 690 ordini
289 629 487 709 aequaverit.
1278 635 1281 640 ’

246 707 304 788 Ar,
326 705 447 794 inquit,
498 701 758 770 uemadmodurn
779 701 955 770 scholiasta
979 699 1155 771 Ravennae
1172 705 1217 784 ¹),
1245 705 1290 774 ita

159 792 276 884 reliqui
299 813 433 882 quoque
454 813 490 857 sc
516 791 650 858 oliastac
672 799 854 879 potuerunt
876 813 916 855 ex
934 789 1172 879 antiquioribus
1189 791 1291 876 libris,

158 880 217 970 qui
240 883 384 946 eundem
406 889 505 967 atque
527 875 649 944 scholia
673 875 849 942 servabant
871 876 1058 942 fabularum
1075 877 1233 954 ordinem,
1256 879 1292 946 in
1357 937 1359 942 .

159 968 245 1034 tales
267 963 437 1032 transcribi
460 963 606 1044 codices,
634 964 690 1053 qui
713 961 815 1042 alium
835 986 871 1028 se
895 964 1068 1029 uebantur.
1087 1003 1131 1013 -
1164 965 1290 1046 Audi03

160 1052 220 1120 sed
242 1050 327 1119 illud
348 1051 375 1117 si
398 1070 513 1117 verum
534 1047 708 1129 videbitur,
731 1071 808 1138 quo,
831 987 966 1132 rutilum,
990 1071 1068 1116 casu
1083 1049 1209 1117 sactum
1230 1063 1290 1134 est,

160 1149 200 1206 ut
222 1137 279 1226 qui
301 1136 575 1216 transdribebant‚
597 1135 720 1202 scholia
744 1134 878 1224 quidem
901 1143 1053 1202 accurate
1074 1137 1291 1206 transcribere

159 1224 335 1299 voluerint,
357 1225 445 1314 ipsas
466 1224 595 1289 fabulas
617 1245 684 1289 non
704 1221 885 1303 voluerint;
908 1232 946 1288 ut
961 1220 1021 1289 has
1036 1231 1127 1289 certo
1143 1225 1292 1312 quodam

160 1311 276 1378 'ordine
299 1311 432 1377 aliunde
455 1309 726 1400 transcripserint,
749 1307 881 1375 aliunde
904 1311 959 1375 illa
982 1332 1056 1374 sum
1081 1308 1205 1376 serint?
1227 1311 1310 1378 nisi·

162 1396 248 1464 forte
270 1398 401 1476 statuis,
423 1396 571 1462 librarios
593 1395 635 1462 ad
658 1403 761 1460 unum
784 1417 899 1461 omnes
922 1394 952 1461 ei
976 1331 1116 1461 mirabili
1136 1395 1217 1464 satis
1241 1421 1291 1465 ca·

160 1481 214 1552 sui
236 1483 395 1555 obnoxios
418 1482 533 1565 fuisse,
560 1491 598 1548 ut
618 1490 795 1572 postquam
817 1481 927 1572 ipsum
950 1481 1135 1548 fabularum
1158 1493 1291 1552 contex-

159 1581 234 1637 tum
256 1571 290 1636 iu
311 1593 389 1636 suos
410 1569 512 1636 libros
533 1567 767 1652 transtulerint,
788 1577 861 1633 tum
885 1566 1019 1634 demum
1037 1565 1125 1634 nacti
1141 1569 1292 1638 codicem

160 1655 321 1744 aliquem,
353 1655 388 1722 iu
416 1679 483 1745 quo
512 1653 697 1722 fabularum
727 1651 832 1722 ordini
860 1653 1064 1720 scholiorum
1088 1653 1144 1720 illa
1169 1655 1292 1723 ordinis

161 1741 282 1810 indicia
304 1743 562 1833 respondebant,
590 1765 630 1808 eo
653 1741 686 1808 in
709 1741 843 1808 scholiis
864 1739 1120 1806 transcribendis
1142 1742 1194 1808 usi
1214 1742 1291 1811 sint.

160 1827 279 1918 ltaque
301 1828 504 1896 redeundum
526 1828 567 1893 ad
590 1851 627 1896 ea
651 1826 723 1907 erit,
745 1846 831 1918 quae
853 1849 950 1917 supra
966 1849 1153 1916 posueram,
1175 1847 1217 1896 ne
1233 1853 1291 1896 eos

162 1917 307 2005 quidem,
330 1913 387 2004 qui
410 1913 626 2003 antiquissimi
650 1924 757 1982 aetate
779 1914 1088 2004 interpretationem
1106 1914 1291 1982 fabularum

163 1999 333 2068 contextui
361 1999 522 2067 ascribere
545 1999 641 2089 primi
664 1999 847 2088 coeperint,
881 2001 1029 2065 ordinem
1051 1999 1162 2079 illum,
1192 2003 1290 2090 quie

161 2086 296 2154 scholiis
319 2084 493 2167 elucescit,
525 2085 559 2150 in
583 2084 825 2175 exemplaribus
848 2083 1097 2174 Aristophaneis
1123 2097 1292 2154 servatum

161 2172 339 2276 invenisse.
382 2172 457 2238 dam
478 2195 557 2238 vero
579 2171 671 2252 vide,
700 2171 778 2260 quid
800 2169 876 2236 inde
899 2179 1121 2258 consequatur
1141 2195 1290 2240 necessa.

162 2259 227 2328 rio:
264 2261 292 2326 si
319 2283 354 2324 m
377 2259 445 2326 suis
468 2257 635 2326 codicibus
652 2256 855 2333 ⁴scholiastae
877 2257 976 2323 alium
1000 2256 1183 2325 fabularum
1207 2259 1290 2326 ordi·
1392 2315 1395 2328 .

163 2368 242 2414 nem
263 2345 486 2436 reperiebant,
513 2367 744 2435 quemcunque
766 2342 816 2410 vis
839 2365 858 2408 a
880 2342 992 2409 tabula
1015 2353 1125 2410 nostra
1148 2342 1292 2412 alienum

163 2426 303 2519 fingere,
335 2455 402 2498 non
423 2442 576 2520 poterant
600 2431 664 2520 ipsi
686 2454 723 2495 eu
748 2429 858 2496 omnia
880 2429 1005 2496 scholia
1028 2430 1081 2497 vel
1105 2431 1293 2520 excogitare

163 2520 218 2584 vel
240 2516 355 2617 littcpis
376 2511 472 2606 primi
485 2517 698 2617 consignare,
721 2515 841 2605 quibus
864 2526 898 2583 et
915 2516 1031 2602 nititur
1045 2515 1156 2584 tabula
1172 2528 1206 2585 et
1219 2527 1292 2610 pot-

57 2659 58 2664 ,
164 2614 223 2672 est¹
236 2626 341 2694 magis
364 2603 462 2670 etiam
483 2601 614 2669 firman.
636 2641 680 2652 —-

250 2689 294 2756 At
315 2687 397 2754 alios
419 2689 578 2777 quosdam
601 2687 698 2755 audio
713 2687 948 2766 vociterantes,
971 2687 1029 2775 qui
1043 2688 1174 2779 quidvis
1189 2688 1292 2758 libeu-

162 2775 229 2842 tins
252 2799 352 2866 quam
380 2775 502 2842 creduli
526 2773 637 2843 audire
660 2775 795 2842 malunt
841 2773 886 2840 Hi
908 2775 1006 2840 nimis
1029 2799 1083 2842 me
1106 2776 1213 2863 egisse
1236 2799 1291 2844 cu·

162 2862 240 2952 pide
266 2861 449 2940 clamitent,
482 2861 686 2951 nimiumque
709 2860 862 2927 tribuisse
885 2860 1069 2927 Ravennati
1091 2861 1213 2944 codici,
1242 2863 1291 2930 ni·
1354 2891 1364 2900 ·

163 2947 267 3016 mium
289 2947 423 3040 reliquis
463 2969 522 3014 nos
543 2946 728 3016 accuratius
742 2947 895 3028 novimus
912 2947 1097 3030 codicibus3
1120 2947 1208 3031 „hos
1223 2972 1291 3017 non

164 3053 237 3100 earn
260 3035 348 3125 apud
371 3057 424 3100 me
438 2971 600 3101 (debuisse
622 3035 688 3100 vim
712 3033 849 3111 babere,
873 3042 909 3098 ut
931 3035 1210 3122 quemadmodum
1233 3035 1291 3103 ho·

163 3139 237 3186 rum
258 3120 371 3203 {ordini
393 3120 576 3188 fabularum
606 3141 671 3186 nou
701 3119 902 3211 respondeat
924 3119 1003 3186 ordo
1029 3120 1064 3186 in
1086 3118 1222 3188 scholiis
1244 3121 1291 3188 in-

164 3205 306 3290 dicatus,
328 3209 375 3273 ita
399 3207 539 3273 eandem
562 3207 786 3273 diversitatem
808 3207 885 3272 inde
908 3207 1098 3294 colligerem
1113 3207 1145 3273 in
1162 3207 1209 3274 eis
1225 3211 1292 3297 jam

163 3293 332 3384 codiqibus
355 3292 556 3382 deprehendi
579 3293 742 3383 potuisse,
770 3291 889 3382 quibus
935 3293 1025 3358 rimis
1048 3293 1173 3361 scholia
1196 3293 1292 3359 escri—
1339 3365 1348 3384 ι

163 3377 351 3448 berentur.“
371 3417 417 3428 -—
459 3379 582 3445 Verum
605 3378 654 3445 his
678 3401 810 3468 quoque
832 3316 1077 3446 satislhcturum
1099 3377 1153 3446 me
1176 3401 1290 3470 sper03
1316 3447 1319 3464 ,

97 3465 99 3472 ’
162 3487 305 3555 namque
335 3465 395 3532 etsi
425 3465 505 3532 illud
533 3465 629 3531 nimis
657 3489 711 3531 me
738 3466 857 3554 cupide
886 3487 928 3532 ex
956 3467 1002 3532 eis
1025 3487 1109 3555 quos
1138 3467 1291 3533 novimus

164 3551 333 3618 codicibus
356 3551 528 3639 collegisse
551 3551 758 3632 arbitrantur,
780 3555 844 3618 hoc
861 3553 980 3618 saltem
996 3551 1177 3620 concedere
1193 3552 1289 3621 debe-

164 3637 250 3703 bunt
274 3639 350 3705 inde
377 3638 529 3705 concludi
556 3641 626 3727 jure
652 3661 768 3728 posse,
801 3637 989 3708 fabularum
1016 3638 1166 3706 ordinem
1193 3641 1290 3705 valde

165 3723 265 3810 luisse
286 3725 489 3805 mutabilem,
512 3723 723 3814 singulosque
740 3725 814 3791 illos
837 3725 968 3792 codices
991 3747 1009 3791 e
1032 3725 1152 3816 quibus
1167 3723 1288 3792 Aldina

164 3807 288 3874 scholia
316 3821 489 3898 manarunt
516 3835 580 3876 non
609 3813 751 3878 eundem
775 3833 910 3901 prorsus
933 3810 1117 3877 fabularum
1140 3812 1288 3877 ordinem

164 3905 322 3982 sequutus
349 3920 420 3963 esse
444 3919 574 3968 omncs.
608 3899 666 3963 sed
691 3896 772 3962 alios
795 3896 922 3963 fabulas
945 3897 1121 3988 dispositas
1144 3897 1289 3965 tenuisse

114 4047 119 4056 ,
164 3983 269 4048 alitera
316 3983 413 4072 Atqui
436 4007 527 4059 eum,
549 3983 605 4072 qui
627 3983 660 4048 in
684 3983 815 4050 scholiis
838 3983 1000 4050 iudicatus
1023 3983 1103 4049 ord'o
1120 3993 1185 4064 est,
1208 4007 1289 4050 nun-

163 4089 264 4156 quam
292 4069 437 4150 mutari,
458 4070 517 4135 sed
544 4079 749 4137 constantem
780 4091 852 4136 esse
881 4081 916 4138 et
943 4070 1066 4162 ubique
1094 4069 1289 4139 inviolatum

232 4307 259 4374 1)
278 4301 320 4364 Gi.
338 4303 541 4378 lnrcrnizzium,
560 4303 682 4364 Proocm.
695 4307 709 4364 Ι
724 4327 751 4385 p.
765 4305 818 4366 xl:
829 4315 973 4384 ,praeter
984 4307 1177 4386 Aristophanis
1193 4327 1288 4366 versus

161 4381 236 4429 extat
257 4374 283 4430 iu
301 4373 454 4429 Ravennatc
478 4373 569 4430 codice
587 4377 771 4450 antiquissima
795 4386 884 4442 certe,
912 4386 939 4432 at
957 4378 1109 4442 recentiore
1127 4396 1206 4442 manu
1224 4379 1289 4442 scri·

158 4447 429 4583 pqthisgptpsmmatlcus
446 4443 507 4511 illc,
525 4445 581 4548 5qui
601 4445 725 4550 omnibus
747 4446 960 4546 estrctostiorv‘*
978 4455 1030 4542 etc
1044 4445 1227 4542 'scholiasteru
1248 4449 1287 4502 in-

560 4723 579 4772 &
686 4703 689 4706 .
